1484 2967
198 93 574 173 'rusenurnust
623 123 681 182 445

86 211 119 272 ad
143 225 288 288 aquatores
313 203 424 266 nostros
446 226 680 268 excucurrerunt:

85 295 237 358 nonnullos
250 292 460 368 interfecerunt,
471 297 538 354 item
554 297 624 355 aiios
636 299 680 355 vi-

86 405 137 444 vos
145 383 327 441 abduxerunt.
343 384 609 461 exequitibuscapti
618 384 682 443 sunt

86 472 188 550 equites
201 487 297 530 v111.
321 466 475 545 insequenti
483 471 528 527 die
537 475 683 550 Pompeius

87 557 167 617 securi
189 555 313 634 percussit
331 556 458 612 homines
480 577 613 629 nxxrv,
632 560 681 637 qui

87 644 245 704 dicebantur
261 638 313 700 esse
327 639 449 699 fautores
463 641 581 700 Caesaris
592 648 681 703 vitio·

89 734 152 792 riae.
175 730 297 807 reliquos
308 729 337 784 in
346 725 478 806 oppidum
488 729 563 804 jussit
573 729 682 804 deduci3

88 837 124 876 ex
135 812 399 893 quibuseffugctunt
409 833 494 885 cxx,
508 831 535 872 et
547 815 580 872 ad
590 816 684 875 Caesa·

50 916 302 969 22remvenerunt.
348 904 684 982 Hocpraeteritotempo·

88 1011 128 1064 re,
144 991 190 1067 qui
204 991 232 1046 in
245 986 349 1066 oppido
358 993 466 1063 Ategua
476 986 684 1048 Bursavolenses

84 1079 157 1158 capti
166 1075 240 1150 sunt,
253 1075 335 1151 iegati
344 1072 459 1152 proserii
471 1072 534 1132 sunt
546 1096 608 1134 curn
618 1075 682 1135 nos·

84 1166 145 1237 tris,
162 1165 202 1221 uti
214 1181 271 1221 reru
283 1158 381 1236 gestaru
394 1159 630 1221 Bursavolensibus
641 1185 682 1222 re·

82 1249 196 1322 ferrent,
212 1247 279 1328 quid
287 1246 424 1326 sperarent
431 1247 466 1306 de
473 1253 528 1306 Cu.
539 1252 682 1328 Pompeio,

83 1356 168 1414 quum
180 1335 306 1394 viderent
320 1330 442 1410 hospites
451 1334 589 1409 jugulari3
604 1355 681 1412 prae·

83 1436 157 1480 terea
169 1421 254 1480 multa
262 1418 359 1478 scelera
368 1421 403 1476 ab
415 1422 448 1475 iis
462 1419 532 1492 sieri,
547 1423 594 1496 qui
604 1441 682 1498 prae·

83 1505 142 1568 sidii
150 1505 237 1565 caussa
246 1508 279 1564 ab
287 1506 329 1562 his
337 1507 588 1582 reciperentur.qui
596 1526 682 1583 quurn

83 1592 118 1654 ad
135 1591 267 1673 oppidum
280 1588 434 1660 venissent3
448 1589 544 1662 nostri,
556 1594 604 1670 qui
620 1591 684 1651 fuis·

83 1677 144 1740 sent
151 1682 257 1760 equites
267 1684 348 1736 Rom.
359 1691 387 1734 et
395 1675 544 1750 senatores,
555 1697 613 1736 non
622 1677 684 1736 sunt

83 1766 137 1826 aufi
150 1768 267 1826 introire
282 1767 309 1822 in
327 1763 471 1842 oppidum,
492 1781 683 1844 praeterquam

83 1855 132 1930 qui
153 1855 214 1929 ejus
231 1853 353 1910 civitatis
365 1848 486 1909 fuissent.
509 1869 628 1928 quotum
641 1872 685 1909 re·

82 1935 189 2018 sponsis
197 1938 272 1995 ultro
281 1939 408 2012 citroque
422 1937 542 2014 acceptis
555 1951 582 1993 ct
593 1937 685 1995 reddi·

81 2025 132 2099 tis,
152 2043 238 2102 quum
250 2021 285 2081 ad
301 2019 410 2079 nostros
427 2018 452 2078 se
469 2023 621 2098 reciperent
637 2025 685 2100 qui

81 2126 162 2170 extra
180 2107 312 2190 oppidum
324 2105 446 2180 fuissent,
456 2106 497 2164 ilii
508 2106 542 2164 de
553 2106 686 2186 praesidio

80 2195 216 2269 insecuti,
237 2215 272 2253 ex
291 2192 432 2254 avcrfione
451 2193 556 2270 legatos
575 2193 686 2271 jugula·

81 2299 161 2341 runt.
185 2282 243 2342 duo
258 2281 366 2358 reliqui,
378 2280 426 2358 qui
441 2299 477 2338 ex
495 2281 529 2337 iis
543 2278 684 2358 sugerunt,

82 2367 193 2428 Caesari
206 2387 261 2426 rent
277 2366 377 2444 gestam
388 2368 559 2426 detulerunt.
584 2383 613 2426 et
629 2365 687 2447 spe-

81 2455 222 2518 culatores
245 2453 279 2516 ad
300 2451 434 2536 oppidum
447 2461 596 2531 'Ateguam
611 2452 690 2514 mise·
