1484 2967
234 145 587 206 rrtcuruurt.
651 156 704 229 52⁵

29 253 36 260 '
107 243 411 314 botuittettsoribeudo
425 245 635 322 deterruere.
660 256 708 316 Ex

109 336 244 397 Cicerone
256 333 285 394 io
296 339 384 392 Bruto
395 352 456 411 cap.
471 352 582 396 txxv.

114 489 119 500 1
154 423 189 482 C.
200 419 290 496 Julius
301 415 397 478 Caesar
405 417 637 500 historiographus
648 423 708 480 Ro·

110 525 258 570 manorum
269 504 360 566 trullus
373 503 420 566 est.
443 510 634 567 commentarii
642 508 709 570 belli

13 597 20 626 ³
110 591 221 666 Gallici,
233 589 395 671 quorumad
404 611 456 650 vos
468 593 591 653 manavit
599 596 710 673 opinio,

110 692 219 742 tantum
235 675 352 738 exstant:
361 696 425 749 nec,
433 691 567 754 quantum
579 678 612 739 ad
624 680 708 740 histo·

109 765 191 838 riam,
210 761 286 844 quod
298 777 470 842 compertum
488 765 612 838 habeam,
629 769 709 843 quic·

110 869 195 930 quatu
205 847 288 911 aliud:
301 867 366 906 nam
374 863 540 908 caeterarum
549 849 609 924 ejus
617 871 708 912 rerum

110 933 254 1022 gestorum,
270 931 412 1013 postquam
424 931 495 992 idern
510 936 601 1009 Julius
621 939 708 998 totius

110 1041 182 1102 petre
192 1023 267 1082 orbis
276 1018 415 1082 causarum
424 1019 543 1080 molibus
555 1018 592 1079 est
598 1022 709 1102 oppres·

110 1105 168 1180 sus,
179 1108 288 1166 Hirtius
296 1105 356 1184 ejus
365 1105 491 1164 notarius
500 1107 528 1163 in
538 1124 709 1168 commenta·

11 1195 13 1208 '
110 1185 168 1254 rios
181 1190 275 1252 seriem
283 1189 453 1251 referendam
464 1189 588 1271 suscepit.
598 1199 642 1253 Ex
650 1201 709 1256 Lu.

33 1317 35 1324 ·
110 1279 140 1359 pi
155 1279 269 1340 Abbatie
281 1275 457 1339 Ferrarienlis
466 1277 550 1356 Epist.
573 1289 669 1342 xxxvi
680 1304 711 1346 ῐ.

133 1357 136 1362 ’
155 1361 231 1438 Quid
243 1363 405 1423 oratorum?
422 1382 504 1444 quem
518 1366 580 1424 huic
592 1381 709 1447 antepo.

109 1468 161 1509 net
172 1469 279 1523 eorum,
291 1449 340 1527 qui
352 1447 422 1508 nihil
430 1447 502 1506 aliud
510 1452 709 1530 egerunt?quit

110 1529 254 1598 sententiis
271 1535 488 1593 autacutiuraut
497 1537 633 1596 crebrior?
644 1543 708 1616 quie

109 1611 202 1682 uerbit
211 1621 406 1692 nummatior,
424 1618 646 1697 autelegantiot?
663 1631 710 1686 Ex

111 1707 246 1776 Cicerone
258 1704 292 1766 ad
302 1711 390 1766 Corn.
401 1710 536 1785 Nepotem
552 1707 625 1787 apud
644 1717 709 1770 Sue.

110 1795 219 1856 torrium
236 1792 266 1852 in
283 1789 407 1865 Caesare,
418 1811 480 1870 cap.
502 1813 559 1853 ιν.
575 1793 639 1853 uide
650 1817 709 1857 am·

110 1877 248 1970 plisfimarn
257 1875 708 1959 CaesarislaudationemapudPli·

110 1965 188 2022 nium
201 1961 271 2022 H'ill.
287 1968 354 2022 Nat.
364 1961 414 2024 lib.
429 1983 500 2023 vri.
517 1983 578 2042 cup.
594 1985 666 2028 xxv.
680 1983 710 2030 et

111 2047 184 2131 apud
194 2049 417 2126 Ciceronempro
427 2053 469 2107 M.
486 2049 631 2110 Marcello.

127 2169 132 2174 -
154 2134 204 2193 Sed
213 2136 283 2194 bene
295 2131 440 2212 loquendi,
449 2132 483 2195 de
491 2134 597 2197 Catulis
608 2138 708 2216 opinio

111 2241 170 2279 non
182 2222 291 2293 minor3
305 2218 357 2278 sale
369 2239 437 2277 vero
445 2233 473 2276 et
480 2217 598 2296 facetiis,
610 2223 710 2287 Caesar

95 2308 180 2390 'uicit
196 2326 304 2376 omnes,
329 2310 375 2364 Ex
394 2307 540 2367 Ciceronis
557 2307 606 2369 lib.
630 2330 659 2374 1.
674 2310 711 2376 de

110 2391 191 2456 offic.
208 2413 268 2470 cap.
281 2411 416 2456 xxxvtt.

155 2477 281 2564 Reliquit
293 2493 322 2539 ot
337 2497 429 2542 retum
440 2473 547 2542 suarum
560 2486 710 2565 (20me-
