<?xml version="1.0" encoding="UTF-8"?>
<!DOCTYPE html PUBLIC "-//W3C//DTD XHTML 1.0 Transitional//EN"
    "http://www.w3.org/TR/xhtml1/DTD/xhtml1-transitional.dtd">
<html xmlns="http://www.w3.org/1999/xhtml" xml:lang="en" lang="en">
 <head>
  <title>
</title>
<meta http-equiv="Content-Type" content="text/html;charset=utf-8" />
  <meta name='ocr-system' content='tesseract 3.04.00' />
  <meta name='ocr-capabilities' content='ocr_page ocr_carea ocr_par ocr_line ocrx_word'/>
</head>
<body>
  <div class='ocr_page' id='page_1' title='image "./cjuliicaesarise00unkngoog_0221.png"; bbox 0 0 1484 2967; ppageno 0'>
   <div class='ocr_carea' id='block_1_1' title="bbox 155 129 642 218">
    <p class='ocr_par' dir='ltr' id='par_1_1' title="bbox 155 129 642 218">
     <span class='ocr_line' id='line_1_1' title="bbox 155 129 642 218; baseline -0.008 -32"><span class='ocrx_word' id='word_1_1' title='bbox 155 129 531 186; x_wconf 84' lang='lat' dir='ltr'>HISPANIENSI.</span> <span class='ocrx_word' id='word_1_2' title='bbox 583 144 642 218; x_wconf 63' lang='lat'>449</span> 
     </span>
    </p>
   </div>
   <div class='ocr_carea' id='block_1_2' title="bbox 9 225 655 2556">
    <p class='ocr_par' dir='ltr' id='par_1_2' title="bbox 9 225 655 2556">
     <span class='ocr_line' id='line_1_2' title="bbox 46 225 644 299; baseline -0.005 -14"><span class='ocrx_word' id='word_1_3' title='bbox 46 225 185 286; x_wconf 82' lang='lat' dir='ltr'>deruntex</span> <span class='ocrx_word' id='word_1_4' title='bbox 194 229 403 299; x_wconf 60' lang='lat' dir='ltr'>leviensium,</span> <span class='ocrx_word' id='word_1_5' title='bbox 416 247 574 287; x_wconf 75' lang='lat' dir='ltr'>cccxxiv</span> <span class='ocrx_word' id='word_1_6' title='bbox 586 247 594 297; x_wconf 78' lang='lat'>3</span> <span class='ocrx_word' id='word_1_7' title='bbox 608 246 644 283; x_wconf 85' lang='lat' dir='ltr'>ex</span> 
     </span>
     <span class='ocr_line' id='line_1_3' title="bbox 47 313 645 394; baseline 0 -23"><span class='ocrx_word' id='word_1_8' title='bbox 47 313 214 391; x_wconf 81' lang='lat' dir='ltr'>legionariis,</span> <span class='ocrx_word' id='word_1_9' title='bbox 229 333 409 373; x_wconf 79' lang='lat' dir='ltr'>cxxxviii</span> <span class='ocrx_word' id='word_1_10' title='bbox 423 337 431 386; x_wconf 81' lang='lat'>3</span> <span class='ocrx_word' id='word_1_11' title='bbox 452 331 645 394; x_wconf 72' lang='lat' dir='ltr'>praeterquam</span> 
     </span>
     <span class='ocr_line' id='line_1_4' title="bbox 48 399 646 480; baseline 0 -22"><span class='ocrx_word' id='word_1_12' title='bbox 48 421 162 478; x_wconf 89' lang='lat' dir='ltr'>quorum</span> <span class='ocrx_word' id='word_1_13' title='bbox 177 421 252 460; x_wconf 80' lang='lat' dir='ltr'>arma</span> <span class='ocrx_word' id='word_1_14' title='bbox 271 417 299 459; x_wconf 83' lang='lat' dir='ltr'>et</span> <span class='ocrx_word' id='word_1_15' title='bbox 315 399 400 480; x_wconf 90' lang='lat' dir='ltr'>spolia</span> <span class='ocrx_word' id='word_1_16' title='bbox 415 400 477 459; x_wconf 89' lang='lat' dir='ltr'>sunt</span> <span class='ocrx_word' id='word_1_17' title='bbox 492 401 582 460; x_wconf 82' lang='lat' dir='ltr'><strong>allata.</strong></span> <span class='ocrx_word' id='word_1_18' title='bbox 606 401 646 458; x_wconf 86' lang='lat' dir='ltr'>ita</span> 
     </span>
     <span class='ocr_line' id='line_1_5' title="bbox 48 487 643 566; baseline 0.002 -22"><span class='ocrx_word' id='word_1_19' title='bbox 48 487 132 566; x_wconf 87' lang='lat' dir='ltr'>pridie</span> <span class='ocrx_word' id='word_1_20' title='bbox 146 507 169 547; x_wconf 84' lang='lat' dir='ltr'>rr</span> <span class='ocrx_word' id='word_1_21' title='bbox 181 489 377 547; x_wconf 83' lang='lat' dir='ltr'>centurionum</span> <span class='ocrx_word' id='word_1_22' title='bbox 390 490 525 563; x_wconf 90' lang='lat' dir='ltr'>interitio,</span> <span class='ocrx_word' id='word_1_23' title='bbox 538 487 643 546; x_wconf 82' lang='lat' dir='ltr'>hacad·</span> 
     </span>
     <span class='ocr_line' id='line_1_6' title="bbox 9 571 645 654; baseline 0.002 -23"><span class='ocrx_word' id='word_1_24' title='bbox 9 589 35 631; x_wconf 77' lang='lat'>25</span> <span class='ocrx_word' id='word_1_25' title='bbox 48 571 224 634; x_wconf 80' lang='lat' dir='ltr'>versariorum</span> <span class='ocrx_word' id='word_1_26' title='bbox 233 593 323 654; x_wconf 81' lang='lat' dir='ltr'>poena</span> <span class='ocrx_word' id='word_1_27' title='bbox 332 572 462 635; x_wconf 81' lang='lat' dir='ltr'>esilitata.</span> <span class='ocrx_word' id='word_1_28' title='bbox 498 574 645 653; x_wconf 87' lang='lat' dir='ltr'>Insequen-</span> 
     </span>
     <span class='ocr_line' id='line_1_7' title="bbox 47 658 645 742; baseline -0.002 -23"><span class='ocrx_word' id='word_1_29' title='bbox 47 659 131 735; x_wconf 84' lang='lat' dir='ltr'>tidie,</span> <span class='ocrx_word' id='word_1_30' title='bbox 147 663 205 742; x_wconf 80' lang='lat' dir='ltr'>pari</span> <span class='ocrx_word' id='word_1_31' title='bbox 217 658 425 734; x_wconf 81' lang='lat' dir='ltr'>consuetudine,</span> <span class='ocrx_word' id='word_1_32' title='bbox 438 681 524 740; x_wconf 84' lang='lat' dir='ltr'>quum</span> <span class='ocrx_word' id='word_1_33' title='bbox 534 660 568 720; x_wconf 86' lang='lat' dir='ltr'>ad</span> <span class='ocrx_word' id='word_1_34' title='bbox 576 681 645 718; x_wconf 89' lang='lat' dir='ltr'>eun-</span> 
     </span>
     <span class='ocr_line' id='line_1_8' title="bbox 47 745 654 826; baseline 0 -20"><span class='ocrx_word' id='word_1_35' title='bbox 47 745 109 806; x_wconf 85' lang='lat' dir='ltr'>dum</span> <span class='ocrx_word' id='word_1_36' title='bbox 129 747 221 806; x_wconf 89' lang='lat' dir='ltr'>locum</span> <span class='ocrx_word' id='word_1_37' title='bbox 240 749 302 825; x_wconf 86' lang='lat' dir='ltr'>ejus</span> <span class='ocrx_word' id='word_1_38' title='bbox 323 745 483 826; x_wconf 80' lang='lat' dir='ltr'>praesidium</span> <span class='ocrx_word' id='word_1_39' title='bbox 506 745 654 820; x_wconf 62' lang='lat' dir='ltr'>venisset„</span> 
     </span>
     <span class='ocr_line' id='line_1_9' title="bbox 46 831 644 914; baseline 0 -22"><span class='ocrx_word' id='word_1_40' title='bbox 46 831 644 914; x_wconf 80' lang='lat' dir='ltr'>pristinoillosuoutebanturinsiitutornam,</span> 
     </span>
     <span class='ocr_line' id='line_1_10' title="bbox 45 920 644 1000; baseline -0.002 -21"><span class='ocrx_word' id='word_1_41' title='bbox 45 920 644 1000; x_wconf 83' lang='lat' dir='ltr'>praeterequites,nuliolocoaequosecom-</span> 
     </span>
     <span class='ocr_line' id='line_1_11' title="bbox 45 1005 655 1086; baseline -0.002 -19"><span class='ocrx_word' id='word_1_42' title='bbox 45 1005 309 1067; x_wconf 82' lang='lat' dir='ltr'>mittereuudebant.</span> <span class='ocrx_word' id='word_1_43' title='bbox 334 1027 419 1084; x_wconf 86' lang='lat' dir='ltr'>quum</span> <span class='ocrx_word' id='word_1_44' title='bbox 430 1008 515 1066; x_wconf 88' lang='lat' dir='ltr'>nosiri</span> <span class='ocrx_word' id='word_1_45' title='bbox 523 1009 553 1065; x_wconf 91' lang='lat' dir='ltr'>in</span> <span class='ocrx_word' id='word_1_46' title='bbox 561 1027 655 1086; x_wconf 87' lang='lat' dir='ltr'>opere·</span> 
     </span>
     <span class='ocr_line' id='line_1_12' title="bbox 44 1092 654 1173; baseline 0.002 -21"><span class='ocrx_word' id='word_1_47' title='bbox 44 1092 138 1169; x_wconf 77' lang='lat' dir='ltr'>essent,</span> <span class='ocrx_word' id='word_1_48' title='bbox 150 1095 273 1173; x_wconf 83' lang='lat' dir='ltr'>equiturn</span> <span class='ocrx_word' id='word_1_49' title='bbox 286 1095 381 1171; x_wconf 84' lang='lat' dir='ltr'>copiae</span> <span class='ocrx_word' id='word_1_50' title='bbox 393 1093 542 1152; x_wconf 76' lang='lat' dir='ltr'>concursus</span> <span class='ocrx_word' id='word_1_51' title='bbox 555 1094 654 1153; x_wconf 81' lang='lat' dir='ltr'>facere·¹</span> 
     </span>
     <span class='ocr_line' id='line_1_13' title="bbox 43 1178 654 1262; baseline -0.01 -22"><span class='ocrx_word' id='word_1_52' title='bbox 43 1195 214 1262; x_wconf 86' lang='lat' dir='ltr'>coeperunt:</span> <span class='ocrx_word' id='word_1_53' title='bbox 234 1178 365 1259; x_wconf 78' lang='lat' dir='ltr'>smulque</span> <span class='ocrx_word' id='word_1_54' title='bbox 376 1181 591 1240; x_wconf 81' lang='lat' dir='ltr'>vociferantibus</span> <span class='ocrx_word' id='word_1_55' title='bbox 606 1181 654 1237; x_wconf 82' lang='lat' dir='ltr'>le·..</span> 
     </span>
     <span class='ocr_line' id='line_1_14' title="bbox 42 1266 644 1346; baseline -0.002 -20"><span class='ocrx_word' id='word_1_56' title='bbox 42 1269 189 1346; x_wconf 84' lang='lat' dir='ltr'>gionariis‚</span> <span class='ocrx_word' id='word_1_57' title='bbox 201 1286 285 1345; x_wconf 86' lang='lat' dir='ltr'>quum</span> <span class='ocrx_word' id='word_1_58' title='bbox 299 1266 393 1325; x_wconf 88' lang='lat' dir='ltr'>locum</span> <span class='ocrx_word' id='word_1_59' title='bbox 406 1266 599 1344; x_wconf 80' lang='lat' dir='ltr'>efflagitarent,</span> <span class='ocrx_word' id='word_1_60' title='bbox 612 1282 644 1326; x_wconf 88' lang='lat' dir='ltr'>ut</span> 
     </span>
     <span class='ocr_line' id='line_1_15' title="bbox 43 1351 653 1432; baseline -0.005 -19"><span class='ocrx_word' id='word_1_61' title='bbox 43 1353 167 1413; x_wconf 87' lang='lat' dir='ltr'>consueti</span> <span class='ocrx_word' id='word_1_62' title='bbox 187 1352 292 1431; x_wconf 85' lang='lat' dir='ltr'>insequi</span> <span class='ocrx_word' id='word_1_63' title='bbox 311 1351 464 1411; x_wconf 81' lang='lat' dir='ltr'>existimare</span> <span class='ocrx_word' id='word_1_64' title='bbox 483 1352 592 1432; x_wconf 76' lang='lat' dir='ltr'>possent</span> <span class='ocrx_word' id='word_1_65' title='bbox 617 1351 653 1411; x_wconf 70' lang='lat' dir='ltr'>se¹</span> 
     </span>
     <span class='ocr_line' id='line_1_16' title="bbox 43 1437 649 1520; baseline -0.002 -23"><span class='ocrx_word' id='word_1_66' title='bbox 43 1439 223 1520; x_wconf 78' lang='lat' dir='ltr'>puratiffinros</span> <span class='ocrx_word' id='word_1_67' title='bbox 235 1437 287 1497; x_wconf 84' lang='lat' dir='ltr'>esse</span> <span class='ocrx_word' id='word_1_68' title='bbox 297 1437 333 1496; x_wconf 83' lang='lat' dir='ltr'>ad</span> <span class='ocrx_word' id='word_1_69' title='bbox 345 1439 541 1512; x_wconf 83' lang='lat' dir='ltr'>dimicandum,</span> <span class='ocrx_word' id='word_1_70' title='bbox 559 1437 649 1498; x_wconf 84' lang='lat' dir='ltr'>nostri</span> 
     </span>
     <span class='ocr_line' id='line_1_17' title="bbox 43 1525 653 1602; baseline 0 -18"><span class='ocrx_word' id='word_1_71' title='bbox 43 1547 79 1585; x_wconf 87' lang='lat' dir='ltr'>ex</span> <span class='ocrx_word' id='word_1_72' title='bbox 96 1525 192 1586; x_wconf 89' lang='lat' dir='ltr'>humili</span> <span class='ocrx_word' id='word_1_73' title='bbox 209 1525 335 1585; x_wconf 77' lang='lat' dir='ltr'>convalle</span> <span class='ocrx_word' id='word_1_74' title='bbox 354 1526 425 1584; x_wconf 84' lang='lat' dir='ltr'>bene</span> <span class='ocrx_word' id='word_1_75' title='bbox 444 1525 529 1602; x_wconf 84' lang='lat' dir='ltr'>longe</span> <span class='ocrx_word' id='word_1_76' title='bbox 540 1525 653 1584; x_wconf 68' lang='lat' dir='ltr'>sunto·</span> 
     </span>
     <span class='ocr_line' id='line_1_18' title="bbox 43 1611 654 1693; baseline -0.002 -21"><span class='ocrx_word' id='word_1_77' title='bbox 43 1613 131 1692; x_wconf 88' lang='lat' dir='ltr'>gressi,</span> <span class='ocrx_word' id='word_1_78' title='bbox 143 1631 170 1671; x_wconf 85' lang='lat' dir='ltr'>er</span> <span class='ocrx_word' id='word_1_79' title='bbox 179 1613 327 1693; x_wconf 79' lang='lat' dir='ltr'>planitiein</span> <span class='ocrx_word' id='word_1_80' title='bbox 338 1631 428 1690; x_wconf 83' lang='lat' dir='ltr'>aequo</span> <span class='ocrx_word' id='word_1_81' title='bbox 439 1611 503 1672; x_wconf 91' lang='lat' dir='ltr'>loco</span> <span class='ocrx_word' id='word_1_82' title='bbox 515 1611 654 1672; x_wconf 68' lang='lat' dir='ltr'>condite-³</span> 
     </span>
     <span class='ocr_line' id='line_1_19' title="bbox 42 1697 642 1776; baseline -0.002 -17"><span class='ocrx_word' id='word_1_83' title='bbox 42 1717 120 1760; x_wconf 85' lang='lat' dir='ltr'>rone.</span> <span class='ocrx_word' id='word_1_84' title='bbox 151 1701 191 1760; x_wconf 85' lang='lat' dir='ltr'>illi</span> <span class='ocrx_word' id='word_1_85' title='bbox 214 1715 305 1774; x_wconf 71' lang='lat' dir='ltr'>tamen</span> <span class='ocrx_word' id='word_1_86' title='bbox 321 1697 504 1776; x_wconf 82' lang='lat' dir='ltr'>proculdubio</span> <span class='ocrx_word' id='word_1_87' title='bbox 524 1700 557 1758; x_wconf 85' lang='lat' dir='ltr'>ad</span> <span class='ocrx_word' id='word_1_88' title='bbox 572 1721 642 1760; x_wconf 88' lang='lat' dir='ltr'>con·</span> 
     </span>
     <span class='ocr_line' id='line_1_20' title="bbox 41 1785 641 1863; baseline -0.002 -19"><span class='ocrx_word' id='word_1_89' title='bbox 41 1786 221 1862; x_wconf 83' lang='lat' dir='ltr'>grediendum</span> <span class='ocrx_word' id='word_1_90' title='bbox 237 1787 266 1844; x_wconf 93' lang='lat' dir='ltr'>in</span> <span class='ocrx_word' id='word_1_91' title='bbox 280 1805 395 1863; x_wconf 77' lang='lat' dir='ltr'>aequum</span> <span class='ocrx_word' id='word_1_92' title='bbox 405 1785 496 1846; x_wconf 87' lang='lat' dir='ltr'>locum</span> <span class='ocrx_word' id='word_1_93' title='bbox 509 1806 567 1844; x_wconf 91' lang='lat' dir='ltr'>non</span> <span class='ocrx_word' id='word_1_94' title='bbox 579 1786 641 1846; x_wconf 88' lang='lat' dir='ltr'>sunt</span> 
     </span>
     <span class='ocr_line' id='line_1_21' title="bbox 42 1871 645 1951; baseline 0 -21"><span class='ocrx_word' id='word_1_95' title='bbox 42 1871 95 1930; x_wconf 79' lang='lat' dir='ltr'>anfi</span> <span class='ocrx_word' id='word_1_96' title='bbox 106 1871 276 1945; x_wconf 87' lang='lat' dir='ltr'>descendere,</span> <span class='ocrx_word' id='word_1_97' title='bbox 288 1888 487 1951; x_wconf 85' lang='lat' dir='ltr'>praeterunum</span> <span class='ocrx_word' id='word_1_98' title='bbox 497 1872 645 1931; x_wconf 79' lang='lat' dir='ltr'>Antistium</span> 
     </span>
     <span class='ocr_line' id='line_1_22' title="bbox 41 1957 643 2036; baseline 0 -19"><span class='ocrx_word' id='word_1_99' title='bbox 41 1959 230 2036; x_wconf 87' lang='lat' dir='ltr'>Turpionem,</span> <span class='ocrx_word' id='word_1_100' title='bbox 244 1960 303 2035; x_wconf 88' lang='lat' dir='ltr'>qui,</span> <span class='ocrx_word' id='word_1_101' title='bbox 322 1957 411 2014; x_wconf 87' lang='lat' dir='ltr'>fidens</span> <span class='ocrx_word' id='word_1_102' title='bbox 423 1959 586 2030; x_wconf 80' lang='lat' dir='ltr'>viribus‚ex</span> <span class='ocrx_word' id='word_1_103' title='bbox 595 1957 643 2017; x_wconf 88' lang='lat' dir='ltr'>ad·</span> 
     </span>
     <span class='ocr_line' id='line_1_23' title="bbox 39 2041 641 2122; baseline -0.003 -18"><span class='ocrx_word' id='word_1_104' title='bbox 39 2043 166 2104; x_wconf 81' lang='lat' dir='ltr'>versariis</span> <span class='ocrx_word' id='word_1_105' title='bbox 175 2043 221 2104; x_wconf 80' lang='lat' dir='ltr'>fibi</span> <span class='ocrx_word' id='word_1_106' title='bbox 231 2063 321 2122; x_wconf 80' lang='lat' dir='ltr'>parem</span> <span class='ocrx_word' id='word_1_107' title='bbox 331 2041 527 2100; x_wconf 82' lang='lat' dir='ltr'>efferreminem</span> <span class='ocrx_word' id='word_1_108' title='bbox 536 2047 641 2121; x_wconf 84' lang='lat' dir='ltr'>cogita·</span> 
     </span>
     <span class='ocr_line' id='line_1_24' title="bbox 39 2127 640 2212; baseline -0.003 -22"><span class='ocrx_word' id='word_1_109' title='bbox 39 2134 175 2212; x_wconf 87' lang='lat' dir='ltr'>recoepit.</span> <span class='ocrx_word' id='word_1_110' title='bbox 202 2134 259 2202; x_wconf 89' lang='lat' dir='ltr'>hic,</span> <span class='ocrx_word' id='word_1_111' title='bbox 272 2145 302 2187; x_wconf 82' lang='lat' dir='ltr'>ut</span> <span class='ocrx_word' id='word_1_112' title='bbox 313 2127 410 2200; x_wconf 80' lang='lat' dir='ltr'>fertur,</span> <span class='ocrx_word' id='word_1_113' title='bbox 426 2129 541 2186; x_wconf 82' lang='lat' dir='ltr'>Achillis</span> <span class='ocrx_word' id='word_1_114' title='bbox 551 2139 640 2189; x_wconf 88' lang='lat' dir='ltr'>Mem·</span> 
     </span>
     <span class='ocr_line' id='line_1_25' title="bbox 38 2213 643 2296; baseline 0 -20"><span class='ocrx_word' id='word_1_115' title='bbox 38 2216 176 2296; x_wconf 88' lang='lat' dir='ltr'>nonisque</span> <span class='ocrx_word' id='word_1_116' title='bbox 188 2213 354 2294; x_wconf 84' lang='lat' dir='ltr'>congressus.</span> <span class='ocrx_word' id='word_1_117' title='bbox 379 2223 418 2291; x_wconf 85' lang='lat' dir='ltr'>Q.</span> <span class='ocrx_word' id='word_1_118' title='bbox 429 2219 576 2294; x_wconf 82' lang='lat' dir='ltr'>Pompeius</span> <span class='ocrx_word' id='word_1_119' title='bbox 591 2220 643 2276; x_wconf 83' lang='lat' dir='ltr'>Ni·</span> 
     </span>
     <span class='ocr_line' id='line_1_26' title="bbox 34 2300 644 2382; baseline 0.003 -20"><span class='ocrx_word' id='word_1_120' title='bbox 34 2325 96 2380; x_wconf 84' lang='lat' dir='ltr'>ger,</span> <span class='ocrx_word' id='word_1_121' title='bbox 112 2323 195 2382; x_wconf 83' lang='lat' dir='ltr'>eques</span> <span class='ocrx_word' id='word_1_122' title='bbox 207 2311 349 2362; x_wconf 82' lang='lat' dir='ltr'>Romanus</span> <span class='ocrx_word' id='word_1_123' title='bbox 364 2300 524 2376; x_wconf 83' lang='lat' dir='ltr'>Italicensis,</span> <span class='ocrx_word' id='word_1_124' title='bbox 537 2323 572 2362; x_wconf 89' lang='lat' dir='ltr'>ex</span> <span class='ocrx_word' id='word_1_125' title='bbox 584 2308 644 2364; x_wconf 84' lang='lat' dir='ltr'>acic</span> 
     </span>
     <span class='ocr_line' id='line_1_27' title="bbox 35 2388 639 2466; baseline 0.003 -18"><span class='ocrx_word' id='word_1_126' title='bbox 35 2390 131 2449; x_wconf 78' lang='lat' dir='ltr'>nostra</span> <span class='ocrx_word' id='word_1_127' title='bbox 139 2390 172 2448; x_wconf 87' lang='lat' dir='ltr'>ad</span> <span class='ocrx_word' id='word_1_128' title='bbox 182 2388 416 2466; x_wconf 83' lang='lat' dir='ltr'>congrediendum</span> <span class='ocrx_word' id='word_1_129' title='bbox 425 2388 580 2466; x_wconf 85' lang='lat' dir='ltr'>progressus</span> <span class='ocrx_word' id='word_1_130' title='bbox 592 2390 639 2450; x_wconf 82' lang='lat' dir='ltr'>est.</span> 
     </span>
     <span class='ocr_line' id='line_1_28' title="bbox 34 2474 641 2556; baseline 0.002 -21"><span class='ocrx_word' id='word_1_131' title='bbox 34 2474 641 2556; x_wconf 81' lang='lat' dir='ltr'>quoniamferocitasAntisiiiomniummen·</span> 
     </span>
    </p>
   </div>
   <div class='ocr_carea' id='block_1_3' title="bbox 0 0 746 2967">
    <p class='ocr_par' dir='ltr' id='par_1_3' title="bbox 0 0 746 2967">
     <span class='ocr_line' id='line_1_29' title="bbox 0 0 746 2967; baseline 0 2"><span class='ocrx_word' id='word_1_132' title='bbox 0 0 746 2967; x_wconf 95' lang='lat' dir='ltr'> </span> 
     </span>
    </p>
   </div>
  </div>
 </body>
</html>
