1484 2967
27 160 86 229 29⁶
203 158 263 215 on
291 126 452 216 nunno
523 120 527 127 ’

27 275 140 338 repente
156 258 294 320 adversam
314 258 348 319 sd
360 259 388 319 se
398 262 556 322 venientem
573 284 625 325 ns·

27 365 101 419 vem,
118 349 249 406 antennis
263 345 297 406 ad
312 345 432 423 medium
452 347 555 408 maium
573 350 625 410 de·

26 432 117 508 miffis,
131 432 284 493 instructam
294 436 547 512 propugnatoribus
561 439 624 497 ani·

26 519 183 595 madvertit.
200 519 277 599 quod
291 521 338 578 ubi
350 518 507 601 conspexit,
530 523 627 583 eeleri-

28 621 69 664 ter
89 606 151 667 vcia
163 606 288 681 subduci,
303 604 466 685 demittique
486 624 625 670 antennas
724 609 725 626 ¹

24 692 116 770 jubet,
139 709 167 754 er
189 692 290 753 milites
317 696 493 768 amariter,
517 696 626 757 vexitto

27 778 146 855 sublato,
169 800 226 860 quo
238 779 380 861 pugnandi
399 779 481 841 dabat
496 779 622 859 iignum

29 864 625 951 quaepritnaensvessubsequebantur‚idern

28 970 61 1014 ut
78 955 211 1029 facerent,
235 952 412 1033 fignificabat.
444 956 577 1035 parabant
596 953 625 1016 se

29 1044 183 1115 Vatiniani‚
198 1056 312 1120 repente
322 1040 458 1121 oppresus
478 1044 564 1121 parati
575 1041 623 1101 de·

29 1132 125 1209 inceps
135 1128 279 1188 octaviani
292 1143 420 1208 exportu
428 1128 624 1207 procedebant.

30 1214 172 1275 instruitur
190 1213 328 1293 utrimque
349 1215 440 1274 acies:
458 1214 558 1276 ordine
572 1215 626 1275 dif-
728 1265 729 1282 2

28 1300 116 1381 pofita
130 1302 229 1379 magis,
245 1302 417 1363 ottavianus
435 1303 560 1381 paratior
572 1304 626 1363 mi·
728 1291 729 1312 ¹

28 1389 230 1464 lituro-animis,
247 1390 409 1450 Vatiniana.
477 1390 622 1462 Vatinius,
643 1403 675 1455 36

30 1496 117 1555 quum
130 1472 358 1537 animadverteret
372 1495 464 1555 neque
475 1474 626 1537 naviumse

30 1562 232 1641 magnitudine,
242 1580 332 1640 neque
343 1578 562 1640 numeropsrem
572 1558 626 1621 etse
729 1621 730 1626 ,

30 1646 335 1721 futuraedimicationi3
348 1646 628 1709 ronmaeremcom·
658 1646 662 1688 ἶ

30 1733 258 1794 mittere-maluit.
269 1735 362 1811 itaque
373 1734 479 1813 primus
493 1730 626 1814 suaquin·

31 1822 153 1900 querenti
164 1822 195 1879 in
206 1818 408 1899 quadriremem
424 1819 506 1899 ipius
519 1821 627 1881 otkarii

30 1908 162 1987 impeturn
175 1906 249 1965 fecit.
272 1904 411 1966 celerrime
435 1905 628 1987 fortissimeque

32 1996 131 2053 eontr'a
145 1992 196 2053 iilo
214 1992 377 2069 remigante,
396 2012 481 2053 neves
502 1990 628 2053 adversae

31 2076 126 2143 rostris
138 2094 311 2140 concurrunt
322 2078 391 2139 adeo
399 2083 628 2154 vehementer,ur
659 2087 662 2094 '

31 2168 113 2250 nauis
125 2166 284 2240 octaviana,
304 2164 393 2225 rostro
405 2162 528 2239 discursu,
549 2164 628 2243 ligno

31 2254 231 2313 contineretur.
255 2254 441 2313 committitur
455 2252 553 2312 aeriter
564 2251 628 2312 reli·

31 2342 94 2420 quis
105 2338 176 2399 loeis
192 2337 338 2419 proelium,
351 2339 581 2420 concurriturque
593 2336 628 2399 ad

30 2427 113 2487 duces
126 2426 263 2486 matrimes
283 2446 347 2487 num
359 2447 446 2509 quum
456 2423 505 2486 sno
514 2423 628 2504 quisque

30 2513 162 2575 auxilium
180 2510 276 2591 ferret,
299 2532 430 2595 magnum
449 2515 580 2577 eominus
595 2511 627 2573 in
