1484 2967
21 161 78 223 454
165 150 192 204 D
208 147 231 204 Ε
265 149 286 203 Β
301 145 323 202 E
338 146 362 201 L
377 146 439 202 LO

23 265 69 306 urn
86 241 243 326 conspectu.
271 239 324 304 h'uc
332 238 488 318 accedebat,
503 255 535 303 ut
548 238 635 303 iocus

22 331 68 392 illa
84 332 200 412 planitie
216 335 369 412 equitatum
390 344 517 404 ornaret,
536 328 634 390 etdiei

21 417 139 498 solisque
155 416 302 477 serenitas=
325 431 355 474 ut
372 415 518 476 mirificum
530 432 559 475 et
577 435 632 497 op·

23 505 138 566 tandum
148 521 256 586 tempus
266 525 352 586 prope
368 506 402 564 ab
411 505 473 562 Diis
486 505 632 563 immorta-

20 592 95 652 -libus
115 591 183 651 iilud
203 594 335 652 tributum
355 589 419 650 eliet
439 591 472 650 ad
493 590 634 670 proelium

24 677 267 740 committendum.
292 676 633 752 nostriiaetari5n0nnui-

24 765 46 825 li
54 769 136 826 etiam
147 767 258 837 timere3
274 765 350 844 quod
362 767 392 823 in
405 785 465 823 eurn
481 765 573 825 locum
585 786 632 826 res

23 852 210 932 fortunaeque
221 855 346 912 omnium
358 850 571 928 deducerentur,
585 869 630 928 ut,

24 939 162 1022 quidquid
175 939 235 1019 post
242 943 338 1000 horam
347 937 424 999 casus
437 940 581 1015 tribuisset,
599 942 632 1000 in
724 968 725 971 ¹

26 1027 112 1088 dubio
122 1042 284 1108 poneretur.
309 1029 403 1106 itaque
413 1025 498 1085 nostri
507 1027 540 1087 ad
548 1028 633 1088 dimi·

25 1113 147 1173 candum
162 1113 332 1195 procedunt:
349 1113 377 1172 id
389 1114 466 1192 quod
480 1113 633 1174 adversari·

27 1220 61 1260 ot
71 1198 293 1260 existimabamus
306 1199 357 1260 effe
373 1200 510 1275 facturo„
526 1202 575 1282 qni
588 1217 632 1262 ta·

28 1306 93 1346 men
110 1307 126 1347 a
142 1291 300 1347 munitione
311 1287 408 1366 oppidi
426 1287 501 1347 mille
518 1289 634 1368 puiiibus

29 1373 142 1453 longius
151 1393 210 1435 non
220 1374 356 1434 audebunt
365 1375 523 1454 procedere}
538 1379 634 1455 inquo

28 1460 77 1522 fibi
97 1483 185 1545 prope
205 1482 314 1522 murum
331 1459 476 1521 adversarii
495 1463 634 1542 proelian-

30 1548 317 1612 dumconstituebant.
340 1549 633 1628 itaquenostriproce·

30 1634 112 1695 dunt.
137 1635 277 1696 interdum
296 1637 419 1715 aequitas
432 1635 488 1696 ioci
509 1635 645 1699 adversar

32 1724 91 1782 rios
102 1720 277 1801 efflagitabat,
289 1737 320 1782 ut
331 1721 380 1781 tali
390 1723 555 1785 conditione
564 1745 633 1786 con·

32 1807 179 1868 tenderent
198 1808 232 1868 ad
247 1810 411 1869 vitiorium:
432 1831 524 1890 neque
542 1828 634 1872 tamen

31 1892 634 1974 illijasuaconsuetudinedecedebant‚utaut
725 1924 726 1973 j

33 1985 68 2043 ab
81 1983 190 2044 excelso
207 1984 272 2043 loco
291 1999 339 2043 aut
350 1985 385 2042 ab
400 1984 507 2066 oppido
517 1984 634 2048 discede·
725 1978 726 2001 ¹

32 2086 107 2132 rent.
131 2069 217 2131 nostri
232 2070 300 2150 pede
317 2069 406 2152 preffo
419 2074 533 2153 propius
544 2075 634 2134 rivum

21 2163 120 2238 'quum
138 2156 412 2239 appropinquass'ent,
425 2158 573 2221 adversarii
587 2179 635 2241 pa·

35 2245 565 2324 trocinarilocoiniquonondeiinunt.
602 2250 635 2306 E·
647 2252 674 2300 ³⁰

35 2347 78 2392 rat
89 2334 161 2392 acies
177 2331 374 2410 xr11aquilis
389 2332 548 2410 constituta,
568 2353 636 2414 quae

35 2419 166 2478 luteribus
186 2417 312 2495 equitatu
329 2421 484 2496 tegebatur,
505 2441 569 2481 cum
584 2419 636 2479 leri

34 2518 173 2567 armatura
185 2501 306 2566 millibus
328 2525 380 2569 vr.
403 2521 544 2588 praeterea
560 2506 637 2568 auni-
