1484 2967
193 137 567 212 HISPAN'IENSL
620 169 681 240 453,

19 235 20 240 ἵ
68 235 221 305 onenfiunt
241 237 358 318 civita-ti,
380 248 428 323 qui
447 261 526 303 erant
544 242 678 319 fautores,

68 343 159 392 antea
176 332 279 390 litteras
288 330 413 405 miserat;
428 334 437 362 ‘
450 330 592 391 Caesarem
601 333 678 393 nolle

73 415 128 478 ‘in
138 419 298 478 convallem
313 417 484 490 descendere,
502 419 577 497 quod
589 421 678 496 majo·

72 505 82 538 ‘
100 517 159 564 r'etn
177 523 280 585 partem
293 508 442 564 exercitum
459 507 579 564 tironem
595 509 678 565 habe·

73 592 165 652 ‘ret'
192 596 243 651 hae
258 593 364 651 litterae
381 596 557 651 vehementer
575 592 678 652 contir-

73 683 312 738 mebant-mentes
330 679 545 758 oppidanorum.
570 680 608 736 ita
627 683 679 738 hae

73 768 214 847 opinione
234 765 330 838 fretus,
351 782 442 824 totum
461 763 487 823 se
505 764 680 843 faeereposse

75 851 258 912 existimabat.
279 855 385 910 etenim
400 867 429 908 et
444 867 542 909 natura
560 849 616 909 ioci
631 851 679 910 de-

75 938 252 1012 fendebatur,
261 942 263 947 '
271 955 297 996 et
309 937 390 1017 ipfina
403 939 499 1016 oppidi
510 938 680 1014 munitione,

77 1028 123 1085 ubi
143 1024 228 1084 castra
245 1027 340 1084 habuit
359 1024 525 1084 constituta:
546 1044 677 1104 namque,

76 1129 108 1171 ut
116 1109 238 1193 superius
247 1110 506 1186 demonstravimus,
517 1110 580 1170 loca
588 1112 676 1171 excel·

75 1198 162 1258 lentia
177 1198 289 1281 tprnulis
301 1201 440 1259 contineri
454 1210 513 1247 Η*
526 1220 534 1258 a
549 1193 678 1265 [interim

37 1320 69 1365 29
81 1287 157 1345 nulla
168 1286 302 1366 planities
320 1286 448 1360 dividit.]
483 1299 486 1304 ·
503 1286 554 1345 sed
570 1289 679 1345 ratione

80 1373 156 1430 nulla
168 1373 269 1451 placuit
286 1375 367 1431 taceri
383 1372 426 1445 id,
447 1374 522 1450 quod
534 1393 568 1432 eo
579 1373 680 1432 incidit

78 1473 212 1536 tempore.
237 1458 364 1536 planities
380 1459 453 1514 inter
465 1475 581 1538 utraque
596 1459 679 1519 castra

78 1543 274 1617 intercedebat,
292 1545 400 1602 circiter
408 1543 493 1602 miliia
502 1543 622 1625 paffuum
636 1567 675 1620 v,

78 1647 109 1690 ut
120 1631 221 1690 auxilia
234 1632 359 1712 Pompeii
375 1630 479 1689 duabus
498 1631 678 1694 defenderen-

77 1735 122 1776 tur
134 1722 225 1792 rebus,
245 1719 340 1799 oppidi
353 1717 450 1777 excelti
462 1733 490 1777 et
501 1719 557 1778 ioci
566 1735 675 1780 natura.

77 1807 141 1863 hinc
155 1805 277 1882 dirigens
292 1800 420 1884 proxima
433 1804 560 1884 planities
576 1826 676 1886 aequa·

77 1891 172 1948 batur:
194 1892 272 1966 cujus
288 1890 431 1951 decursum
447 1893 622 1952 antecedebat
638 1896 675 1951 ri'·

78 1995 139 2047 vus,
153 1977 200 2053 qni
208 1977 242 2033 ad
251 1995 345 2034 eorum
355 1976 485 2036 aceessum
494 1977 623 2037 summam
635 1978 676 2037 ef·

75 2059 182 2121 ficiebat
201 2061 254 2121 }oci
274 2065 465 2142 iniquitatem
487 2076 550 2122 'narn
567 2063 676 2143 painstri

76 2164 103 2206 et
114 2149 281 2227 voraginoso
297 2149 355 2210 solo
367 2169 482 2207 currens
492 2165 551 2208 erat
565 2150 599 2210 ad
607 2150 676 2210 dex·

77 2248 157 2292 trum.
180 2252 207 2295 et
221 2235 330 2310 Caesar,
349 2256 434 2316 quum
450 2237 535 2296 aciem
546 2237 684 2300 dirediatn'

77 2320 191 2394 vidiffet,
206 2343 265 2382 non
275 2325 367 2382 habuit
377 2324 500 2398 dubium,
510 2326 578 2403 quin
587 2327 675 2386 media

77 2407 188 2488 planitie
200 2410 230 2468 in
242 2430 358 2488 aequum
378 2410 413 2469 ad
424 2410 611 2472 dimicandum
626 2413 675 2472 ad'·

77 2492 183 2556 versarii
192 2497 383 2579 procederent.
407 2500 531 2558 hocerat
542 2500 571 2558 in
583 2500 675 2567 omni·
