1484 2967
178 91 597 149 ALEXANDRINO.
638 104 694 169 309

99 194 172 256 citr'a
182 194 284 253 flumen
294 194 410 264 Baetim,
418 194 448 250 in
461 191 556 272 oppidi
565 189 696 272 eonspec-

45 296 50 305 ·
100 298 145 355 tu,
158 280 221 339 loco
229 276 338 339 excelso
345 277 413 339 facit
425 277 509 338 castra
521 300 530 345 t
545 277 653 339 litteras
662 278 697 338 ad

101 387 195 445 regem
211 364 350 443 Bogudem
360 367 391 424 iu
406 368 612 438 Mauritaniam,
623 381 651 425 et
662 364 699 427 ad

5 472 10 477 “
101 460 148 514 Μ.
164 453 299 533 Lepidum
313 450 504 529 proconsulem
515 454 545 511 in
566 451 698 531 Hispani·

102 561 148 600 am
157 541 312 599 citeriorem
325 540 441 613 mittit,‘
454 536 623 598 sublidiofibi
633 560 699 616 pro·

103 626 299 706 ‘uinciacque
314 623 544 699 Caesarircaull'a,
558 627 699 705 quampri-

103 712 115 747 ‘
129 734 204 772 muru
215 714 347 772 veniret!
368 709 425 790 ipse
435 709 526 770 hostili
534 710 620 771 modo
628 720 701 771 Cor·

105 796 265 860 dubcufium
275 818 357 875 agros
365 796 462 869 vastat,
474 796 595 856 aedificia
605 800 702 857 iocen-

30 938 37 953 ‚
61 918 95 966 47
108 885 162 948 dit.
208 886 296 963 Cujus
312 886 352 943 rci
366 881 541 943 deformitate
560 898 643 962 atque
657 887 702 943 iu·

110 973 259 1051 dignitate,
270 970 407 1048 legiones,
413 990 486 1049 quae
498 970 661 1029 Marcellum
668 969 702 1030 fi·

104 1062 136 1121 bi
151 1058 248 1120 ducem
268 1069 413 1138 ceperant,·
423 1057 459 1116 ad
476 1077 539 1117 eom
555 1076 703 1117 concurre.

106 1160 195 1219 tumr
218 1160 250 1205 ut
260 1146 385 1203 inaciem
396 1142 585 1219 educerentur,
599 1160 701 1219 orant;

107 1231 239 1315 priusque
246 1230 414 1309 confligendi
429 1229 476 1291 fibi
488 1229 704 1311 potestaafieret,

107 1328 275 1399 quam'eum
292 1332 370 1377 tanta
393 1317 562 1377 contumelia
574 1316 705 1377 oobilissi·

108 1425 172 1468 mae
189 1404 392 1483 cariffimaeque
410 1400 583 1483 poss'effronct
596 1401 706 1462 Cordu-

109 1488 233 1552 benfium
243 1492 273 1549 itt
282 1487 706 1570 conspediusuorapinia,ferru,

109 1580 275 1657 flammaque
286 1572 524 1637 consumerentur.
548 1575 708 1653 Marcellus,

109 1674 197 1746 quum
220 1665 370 1741 confligere
386 1661 564 1723 miserrimum
580 1667 706 1743 putarem

111 1750 188 1831 quod
201 1765 230 1810 et
237 1751 350 1811 viciorit
359 1764 388 1808 et
396 1750 461 1808 vieti
468 1749 662 1809 detrimentum
671 1748 707 1808 ad

112 1838 233 1898 cundem
242 1834 382 1896 Caesarem
394 1832 457 1895 effer
472 1835 706 1908 redundaturum

113 1920 500 2003 nequesueepotestatiaelle3
511 1920 708 1999 legionesBae·

1 2010 2 2055 l
113 2006 710 2088 timuansducitatqueaciemiollruit·quum

116 2098 234 2157 Caffium
242 2098 341 2157 contria
350 2092 499 2174 proeellria
510 2091 565 2152 suit
573 2094 657 2152 aciem
665 2095 709 2153 iu-

118 2181 238 2243 llruxille
253 2182 318 2243 loro
333 2180 472 2261 superiore
482 2178 606 2251 videreta
619 2178 710 2240 ceolla

118 2268 286 2349 interpolita,
300 2267 410 2347 quodie
422 2268 452 2325 io
461 2286 578 2346 aequum
589 2286 649 2326 noo
662 2265 710 2334 dc·

116 2352 270 2431 scenderet,
288 2352 436 2415 Marcellus
455 2353 589 2413 militibus
601 2350 711 2431 persua·

55 2482 58 2491 ·
114 2442 175 2522 der,
192 2458 224 2505 ut
235 2441 262 2503 se
270 2443 300 2502 iu
311 2438 397 2501 calita
404 2440 549 2518 recipiant.
561 2441 655 2515 itaque
663 2454 711 2495 co·
