1484 2967
138 134 679 209 emmerammi-455

78 245 155 324 lieret
174 238 356 312 accedebant,
378 254 466 316 prope
487 231 603 293 alterurn
616 245 680 291 tan·

80 349 146 393 turn.
176 325 269 388 nostra
288 322 416 406 praesidia
435 339 535 382 cxxx
555 319 680 380 cohorti·

79 421 139 492 bus,
158 430 185 474 et
201 433 283 476 vrrr
300 410 564 488 millibusequirum.
588 408 637 477 ira,
650 406 680 462 in

80 518 201 564 extrema
212 500 328 583 planitie
337 499 463 575 iniquum
471 497 500 553 in
510 493 603 554 locum
616 489 680 550 nos·

80 593 115 650 tri
123 610 207 669 quunr
215 581 488 667 appropinquassent,
497 575 681 660 paratushos·

81 680 116 737 tis
128 693 186 735 erat
194 674 316 755 superior
327 695 336 744 ;
350 667 547 728 uttranseundi
561 667 681 746 superius

81 766 132 824 iter
141 766 316 823 vehementer
324 756 388 816 esset
397 751 588 836 periculosum.
605 752 682 832 quod

82 871 164 930 quurn
177 869 194 908 a
206 832 319 906 Caesare
325 842 390 902 effer
398 839 632 911 animadversum
646 860 682 900 ne

83 935 149 1017 quid
167 951 268 996 temere
284 932 365 1011 culpa
378 929 423 989 sua
439 928 547 1009 sequius
556 927 683 987 admitte·

82 1037 167 1098 retur,
178 1043 240 1082 cunr
249 1021 342 1081 locum
354 1017 468 1078 definire
480 1018 582 1095 coepit.
605 1013 683 1092 quod

81 1131 166 1190 quum
179 1111 323 1170 hominurn
336 1106 447 1166 auribus
457 1103 521 1163 effer
529 1103 680 1180 objectum

81 1196 192 1258 moleste
204 1211 232 1256 et
244 1196 339 1256 acerbe
352 1193 522 1272 accipiebant
536 1187 683 1267 seimpedi·

81 1286 116 1359 ri,
136 1304 193 1363 quo
213 1284 305 1344 minua
323 1280 457 1362 proeirum
473 1275 609 1338 conficere
622 1273 684 1356 pof-

81 1371 151 1430 sent.
175 1373 242 1430 haec
255 1388 335 1430 nrora
350 1364 520 1425 adversarios
540 1363 685 1422 alacriores

81 1455 230 1528 efficiebat3
252 1454 261 1486 ‘
275 1451 397 1512 Caesaris
413 1451 508 1530 copias
521 1453 621 1508 timore
633 1450 685 1508 im·

81 1541 193 1624 ‘pediri
214 1540 248 1600 ad
272 1536 501 1600 committendum
520 1536 684 1616 proelium.'

79 1625 316 1704 itaseefferentes,
338 1626 436 1704 iniquo
445 1624 510 1684 loco
519 1621 685 1702 suipotessa·

79 1733 134 1778 tern
148 1716 296 1790 faciebant,
317 1729 347 1772 ut
364 1731 467 1790 magno
483 1733 546 1771 curn
561 1710 684 1791 periculo

61 1801 305 1864 'acceffuseorum
318 1803 472 1859 haberetur.
494 1802 685 1858 hicDecurna·

78 1893 110 1948 ni
119 1887 197 1948 suum
206 1890 298 1950 locum
307 1905 395 1946 cornu
404 1885 533 1944 dextrum
542 1886 684 1957 tenebant,

78 1973 215 2035 finistrurn
231 1995 243 2035 1
255 1994 287 2034 rr
300 1988 328 2031 et
340 1991 358 2027 v
369 1972 455 2049 legio,
467 1973 587 2049 itemque
596 1987 685 2030 caere·

78 2060 413 2139 raauxiliaetequitatus.
438 2057 685 2137 proeliumciarno·

42 2189 60 2230 3,
78 2149 194 2209 refaoo
206 2146 402 2210 committitur.
448 2147 504 2204 Hic
519 2142 566 2202 ersa
584 2145 687 2204 virtute

78 2233 167 2294 nostri
179 2234 392 2305 antecedebant,
406 2227 555 2291 adversarii
566 2229 629 2291 loeo
643 2230 685 2292 su·

77 2323 190 2403 periore
205 2321 425 2382 defendebantur
440 2320 582 2396 acerrime,
599 2335 627 2378 et
638 2340 687 2378 ve·

77 2413 196 2470 hemena
208 2407 292 2468 fiebat
306 2411 340 2468 ab
352 2405 474 2486 utrisque
485 2404 602 2482 clamor,
617 2406 687 2466 telo·

76 2515 198 2578 rumque
209 2493 285 2558 rniisu
299 2495 466 2568 concursus;
487 2491 534 2573 stc,
555 2509 587 2554 ut
598 2513 686 2576 prope
