1484 2967
242 94 537 162 AFRICANo.
634 113 694 177 nt

90 197 157 256 euru
170 195 336 279 Damasippo
347 214 376 258 et
386 205 537 279 Torquato
548 197 694 261 canneto·

83 283 135 344 'rio
157 282 300 356 Rustiano‚
319 287 436 345 navibut
453 285 547 364 longit
560 280 608 347 diu
619 284 693 348 mul·

89 383 208 448 tumque
223 371 328 448 janni,
343 391 429 450 quum
440 370 601 451 Hispaniam
615 387 694 454 pete·

90 469 167 526 rent,
180 455 215 515 ad
227 458 387 536 Hipponem
404 459 510 534 regium
520 457 693 536 deiemnturj

89 543 140 600 ubi
151 540 237 602 claffis
253 551 283 602 P.
294 545 355 601 sitii
367 544 454 621 perid
465 559 574 625 temput
585 559 693 606 eratett

89 646 147 706 qua
156 631 284 707 pauciora
296 631 331 688 ab
337 629 514 708 amplioribus'
521 632 693 691 circumven-

90 727 127 772 ta
138 713 250 789 navigia
267 714 458 793 deprimuntur
467 715 482 773 ε’
495 716 588 794 ibique
598 717 696 796 Scipio*

91 801 210 873 cuniis,
221 820 292 877 quos
304 799 396 878 paullo
406 816 471 859 ante
482 803 637 876 nominavi,
645 803 690 862 ἰιιὁ

48 886 176 957 trt'eriit.
211 883 319 944 'Caesar
327 887 449 961 interim,
457 889 691 947 Zamaeantiione

91 972 167 1047 regia
183 968 272 1043 satin
296 969 429 1050 banisque
439 991 535 1032 eorum
554 970 690 1048 venditit,

88 1056 220 1136 quirites
231 1059 349 1116 Romani
366 1073 467 1117 contra
478 1057 612 1137 populum
629 1064 688 1118 Ro·

87 1163 283 1203 manumarma
292 1143 430 1216 tulerant;
445 1141 687 1224 praemiisquezn·

88 1227 237 1303 menfibua,
250 1233 297 1308 qni
305 1229 339 1290 de
350 1236 425 1308 Rege
435 1226 608 1290 excludendo
616 1249 691 1288 con-.

89 1313 174 1376 filiurn
190 1332 330 1394 ceperant,
348 1317 460 1375 tributis
466 1338 476 1388 ;
496 1313 686 1394 vestigalibus·

90 1403 233 1478 queregiit
243 1402 400 1477 abrogatis3
413 1422 450 1460 ex
465 1419 606 1478 regnoque
620 1420 687 1478 pto·

88 1487 181 1546 vincia
195 1485 276 1558 fasta,
296 1502 380 1564 atque
393 1488 432 1545 ibi
447 1483 544 1563 Crispo
562 1484 687 1544 Sallustio

89 1570 253 1651 proconsule
271 1592 333 1630 curn
352 1573 470 1651 irnperio
493 1568 606 1643 'felitior
629 1569 687 1650 ipse

89 1660 172 1727 zamri
193 1655 327 1736 egreffi185
341 1656 450 1716 Utiut'm
464 1656 492 1716 se
504 1657 615 1736 recepit.
646 1656 691 1714 ibi

88 1747 169 1804 bonis
177 1745 298 1804 venditis
313 1763 420 1816 eorum,
432 1746 481 1823 qni
492 1740 540 1802 sub
551 1742 624 1819 J'uba
633 1748 682 1801 Pe·

89 1829 478 1907 treioqneordinesduxerant
486 1851 495 1902 ;
509 1830 574 1887 item
589 1830 687 1908 Thap-

91 1913 184 1973 fitanis
201 1935 239 1974 ns
253 1935 302 1978 xx
316 1917 410 1988 millia,
422 1915 575 1974 conventui
589 1931 687 1972 eorum

92 2020 132 2061 trs
145 2020 221 2062 xxx
231 1999 326 2072 millia,
340 2000 535 2058 Adrumetania
547 2017 584 2056 us
595 2017 686 2071 xxx,

90 2089 240 2148 conventui
251 2105 347 2144 eorum
362 2105 403 2144 urs
423 2105 440 2142 1.
456 2083 552 2157 millia,
571 2081 687 2140 multiae

90 2176 212 2247 nomine,
231 2172 372 2251 imponite
394 2170 533 2242 civitates,
555 2169 685 2245 bonaque

89 2279 193 2333 eorum,
209 2259 243 2318 ab
254 2259 332 2318 omni
346 2257 450 2341 injuria
464 2251 620 2333 rapinisque
633 2251 682 2311 de·

89 2344 184 2405 fendit.
209 2345 384 2421 Leptitanos,
400 2362 519 2422 quorum
537 2339 683 2418 superiori·

90 2433 139 2492 bur
152 2431 233 2492 annis
252 2432 324 2508 Jubu
341 2431 418 2491 bona
428 2427 576 2512 diripuerat
584 2448 595 2502 5
611 2437 639 2484 et
650 2421 686 2483 ad
