<?xml version="1.0" encoding="UTF-8"?>
<!DOCTYPE html PUBLIC "-//W3C//DTD XHTML 1.0 Transitional//EN"
    "http://www.w3.org/TR/xhtml1/DTD/xhtml1-transitional.dtd">
<html xmlns="http://www.w3.org/1999/xhtml" xml:lang="en" lang="en">
 <head>
  <title>
</title>
<meta http-equiv="Content-Type" content="text/html;charset=utf-8" />
  <meta name='ocr-system' content='tesseract 3.04.00' />
  <meta name='ocr-capabilities' content='ocr_page ocr_carea ocr_par ocr_line ocrx_word'/>
</head>
<body>
  <div class='ocr_page' id='page_1' title='image "./cjuliicaesarise00unkngoog_0224.png"; bbox 0 0 1484 2967; ppageno 0'>
   <div class='ocr_carea' id='block_1_1' title="bbox 13 113 733 2554">
    <p class='ocr_par' dir='ltr' id='par_1_1' title="bbox 13 113 733 2554">
     <span class='ocr_line' id='line_1_1' title="bbox 24 113 733 206; baseline -0.014 -76"><span class='ocrx_word' id='word_1_1' title='bbox 24 123 105 202; x_wconf 64' lang='lat'>45&#39;2&#39;</span> <span class='ocrx_word' id='word_1_2' title='bbox 168 113 563 206; x_wconf 28' lang='grc' dir='ltr'>,ΒῈἘῈΗὙΗ</span> <span class='ocrx_word' id='word_1_3' title='bbox 725 118 733 168; x_wconf 31' lang='grc' dir='ltr'>Ι,</span> 
     </span>
     <span class='ocr_line' id='line_1_2' title="bbox 24 210 634 299; baseline -0.015 -13"><span class='ocrx_word' id='word_1_4' title='bbox 24 242 124 286; x_wconf 85' lang='lat' dir='ltr'>verunt</span> <span class='ocrx_word' id='word_1_5' title='bbox 133 247 157 286; x_wconf 86' lang='lat' dir='ltr'>a.</span> <span class='ocrx_word' id='word_1_6' title='bbox 169 215 196 286; x_wconf 68' lang='lat' dir='ltr'>d}</span> <span class='ocrx_word' id='word_1_7' title='bbox 212 215 222 288; x_wconf 82' lang='lat' dir='ltr'>i</span> <span class='ocrx_word' id='word_1_8' title='bbox 235 246 266 287; x_wconf 90' lang='lat'>11</span> <span class='ocrx_word' id='word_1_9' title='bbox 282 213 427 285; x_wconf 75' lang='lat' dir='ltr'>Nonarum</span> <span class='ocrx_word' id='word_1_10' title='bbox 436 210 542 294; x_wconf 65' lang='lat' dir='ltr'>uiant,</span> <span class='ocrx_word' id='word_1_11' title='bbox 551 239 634 299; x_wconf 83' lang='lat' dir='ltr'>proe-</span> 
     </span>
     <span class='ocr_line' id='line_1_3' title="bbox 24 307 632 392; baseline -0.012 -20"><span class='ocrx_word' id='word_1_12' title='bbox 24 316 74 389; x_wconf 86' lang='lat' dir='ltr'>lio,</span> <span class='ocrx_word' id='word_1_13' title='bbox 87 314 121 372; x_wconf 84' lang='lat' dir='ltr'>ad</span> <span class='ocrx_word' id='word_1_14' title='bbox 134 315 266 373; x_wconf 84' lang='lat' dir='ltr'>Soriciam</span> <span class='ocrx_word' id='word_1_15' title='bbox 283 311 359 392; x_wconf 86' lang='lat' dir='ltr'>quod</span> <span class='ocrx_word' id='word_1_16' title='bbox 370 309 469 368; x_wconf 78' lang='lat' dir='ltr'>fanum</span> <span class='ocrx_word' id='word_1_17' title='bbox 479 307 526 383; x_wconf 83' lang='lat' dir='ltr'>est,</span> <span class='ocrx_word' id='word_1_18' title='bbox 544 327 580 366; x_wconf 86' lang='lat' dir='ltr'>ex</span> <span class='ocrx_word' id='word_1_19' title='bbox 594 327 632 366; x_wconf 88' lang='lat' dir='ltr'>eo</span> 
     </span>
     <span class='ocr_line' id='line_1_4' title="bbox 24 396 649 481; baseline -0.011 -23"><span class='ocrx_word' id='word_1_20' title='bbox 24 417 149 481; x_wconf 85' lang='lat' dir='ltr'>tempore</span> <span class='ocrx_word' id='word_1_21' title='bbox 158 415 260 459; x_wconf 88' lang='lat' dir='ltr'>metum</span> <span class='ocrx_word' id='word_1_22' title='bbox 268 398 318 458; x_wconf 83' lang='lat' dir='ltr'>effe</span> <span class='ocrx_word' id='word_1_23' title='bbox 327 417 470 474; x_wconf 66' lang='lat' dir='ltr'>magnum</span> <span class='ocrx_word' id='word_1_24' title='bbox 484 410 511 453; x_wconf 87' lang='lat' dir='ltr'>et</span> <span class='ocrx_word' id='word_1_25' title='bbox 520 396 630 453; x_wconf 78' lang='lat' dir='ltr'>Attium</span> <span class='ocrx_word' id='word_1_26' title='bbox 647 446 649 451; x_wconf 92' lang='lat'><em>.</em></span> 
     </span>
     <span class='ocr_line' id='line_1_5' title="bbox 24 479 672 563; baseline -0.011 -17"><span class='ocrx_word' id='word_1_27' title='bbox 24 495 131 548; x_wconf 84' lang='lat' dir='ltr'>Varum</span> <span class='ocrx_word' id='word_1_28' title='bbox 144 487 247 548; x_wconf 87' lang='lat' dir='ltr'>circum</span> <span class='ocrx_word' id='word_1_29' title='bbox 264 485 369 546; x_wconf 82' lang='lat' dir='ltr'>castella</span> <span class='ocrx_word' id='word_1_30' title='bbox 385 481 511 563; x_wconf 83' lang='lat' dir='ltr'>praeesse.</span> <span class='ocrx_word' id='word_1_31' title='bbox 535 479 632 541; x_wconf 83' lang='lat' dir='ltr'>codic</span> <span class='ocrx_word' id='word_1_32' title='bbox 668 525 672 531; x_wconf 82' lang='lat'><em>.</em></span> 
     </span>
     <span class='ocr_line' id='line_1_6' title="bbox 24 565 630 653; baseline -0.013 -20"><span class='ocrx_word' id='word_1_33' title='bbox 24 577 171 653; x_wconf 78' lang='lat' dir='ltr'>Pompeius</span> <span class='ocrx_word' id='word_1_34' title='bbox 184 572 268 633; x_wconf 82' lang='lat' dir='ltr'>casita</span> <span class='ocrx_word' id='word_1_35' title='bbox 283 573 392 643; x_wconf 85' lang='lat' dir='ltr'>movit;</span> <span class='ocrx_word' id='word_1_36' title='bbox 409 585 437 629; x_wconf 91' lang='lat' dir='ltr'>et</span> <span class='ocrx_word' id='word_1_37' title='bbox 450 583 549 630; x_wconf 82' lang='lat' dir='ltr'>contra</span> <span class='ocrx_word' id='word_1_38' title='bbox 564 565 630 627; x_wconf 85' lang='lat' dir='ltr'>His·</span> 
     </span>
     <span class='ocr_line' id='line_1_7' title="bbox 23 653 732 742; baseline -0.008 -24"><span class='ocrx_word' id='word_1_39' title='bbox 23 661 106 742; x_wconf 78' lang='lat' dir='ltr'>polim</span> <span class='ocrx_word' id='word_1_40' title='bbox 114 662 144 719; x_wconf 93' lang='lat' dir='ltr'>in</span> <span class='ocrx_word' id='word_1_41' title='bbox 153 660 258 720; x_wconf 84' lang='lat' dir='ltr'>oliveto</span> <span class='ocrx_word' id='word_1_42' title='bbox 270 657 403 718; x_wconf 88' lang='lat' dir='ltr'>constitit.</span> <span class='ocrx_word' id='word_1_43' title='bbox 430 655 527 715; x_wconf 69' lang='lat' dir='ltr'>Cacsn</span> <span class='ocrx_word' id='word_1_44' title='bbox 538 653 629 735; x_wconf 87' lang='lat' dir='ltr'>prius·</span> <span class='ocrx_word' id='word_1_45' title='bbox 709 693 716 713; x_wconf 83' lang='lat'>·.</span> <span class='ocrx_word' id='word_1_46' title='bbox 731 654 732 661; x_wconf 72' lang='grc'>’</span> 
     </span>
     <span class='ocr_line' id='line_1_8' title="bbox 24 743 633 827; baseline -0.007 -23"><span class='ocrx_word' id='word_1_47' title='bbox 24 767 107 827; x_wconf 76' lang='lat' dir='ltr'>quarn</span> <span class='ocrx_word' id='word_1_48' title='bbox 115 746 212 806; x_wconf 83' lang='lat' dir='ltr'>rodem</span> <span class='ocrx_word' id='word_1_49' title='bbox 220 746 257 806; x_wconf 86' lang='lat' dir='ltr'>est</span> <span class='ocrx_word' id='word_1_50' title='bbox 265 744 417 826; x_wconf 70' lang='lat' dir='ltr'>profectus,</span> <span class='ocrx_word' id='word_1_51' title='bbox 428 743 633 804; x_wconf 67' lang='lat' dir='ltr'>lunahouicir·</span> 
     </span>
     <span class='ocr_line' id='line_1_9' title="bbox 24 829 647 904; baseline -0.01 -11"><span class='ocrx_word' id='word_1_52' title='bbox 24 837 144 896; x_wconf 76' lang='lat' dir='ltr'>citetur</span> <span class='ocrx_word' id='word_1_53' title='bbox 161 831 272 904; x_wconf 82' lang='lat' dir='ltr'>visaest.</span> <span class='ocrx_word' id='word_1_54' title='bbox 296 835 335 892; x_wconf 89' lang='lat' dir='ltr'>ita</span> <span class='ocrx_word' id='word_1_55' title='bbox 350 829 444 891; x_wconf 78' lang='lat' dir='ltr'>castris</span> <span class='ocrx_word' id='word_1_56' title='bbox 456 832 542 889; x_wconf 82' lang='lat' dir='ltr'>motis</span> <span class='ocrx_word' id='word_1_57' title='bbox 552 835 647 888; x_wconf 87' lang='lat' dir='ltr'>Ucu··</span> 
     </span>
     <span class='ocr_line' id='line_1_10' title="bbox 24 916 630 1000; baseline -0.008 -21"><span class='ocrx_word' id='word_1_58' title='bbox 24 923 92 993; x_wconf 88' lang='lat' dir='ltr'>him,</span> <span class='ocrx_word' id='word_1_59' title='bbox 116 917 287 1000; x_wconf 83' lang='lat' dir='ltr'>praefidium‚</span> <span class='ocrx_word' id='word_1_60' title='bbox 306 917 382 999; x_wconf 83' lang='lat' dir='ltr'>quod</span> <span class='ocrx_word' id='word_1_61' title='bbox 399 919 547 997; x_wconf 82' lang='lat' dir='ltr'>Pompeios</span> <span class='ocrx_word' id='word_1_62' title='bbox 564 916 630 975; x_wconf 80' lang='lat' dir='ltr'>resi·</span> 
     </span>
     <span class='ocr_line' id='line_1_11' title="bbox 24 1000 630 1086; baseline -0.007 -21"><span class='ocrx_word' id='word_1_63' title='bbox 24 1010 98 1086; x_wconf 84' lang='lat' dir='ltr'>quit,</span> <span class='ocrx_word' id='word_1_64' title='bbox 117 1006 191 1084; x_wconf 76' lang='lat' dir='ltr'>juffit</span> <span class='ocrx_word' id='word_1_65' title='bbox 206 1023 236 1066; x_wconf 94' lang='lat' dir='ltr'>ut</span> <span class='ocrx_word' id='word_1_66' title='bbox 250 1005 450 1076; x_wconf 78' lang='lat' dir='ltr'>incenderent3</span> <span class='ocrx_word' id='word_1_67' title='bbox 474 1019 513 1079; x_wconf 85' lang='lat' dir='ltr'>et,</span> <span class='ocrx_word' id='word_1_68' title='bbox 533 1000 630 1063; x_wconf 83' lang='lat' dir='ltr'>deusto</span> 
     </span>
     <span class='ocr_line' id='line_1_12' title="bbox 24 1089 628 1172; baseline -0.007 -20"><span class='ocrx_word' id='word_1_69' title='bbox 24 1093 140 1172; x_wconf 87' lang='lat' dir='ltr'>oppido,</span> <span class='ocrx_word' id='word_1_70' title='bbox 157 1095 187 1151; x_wconf 88' lang='lat' dir='ltr'>in</span> <span class='ocrx_word' id='word_1_71' title='bbox 203 1092 288 1152; x_wconf 83' lang='lat' dir='ltr'>castra</span> <span class='ocrx_word' id='word_1_72' title='bbox 302 1092 410 1169; x_wconf 85' lang='lat' dir='ltr'>majora</span> <span class='ocrx_word' id='word_1_73' title='bbox 421 1089 448 1150; x_wconf 84' lang='lat' dir='ltr'>se</span> <span class='ocrx_word' id='word_1_74' title='bbox 462 1092 628 1170; x_wconf 75' lang='lat' dir='ltr'>reciperent.</span> 
     </span>
     <span class='ocr_line' id='line_1_13' title="bbox 25 1175 630 1258; baseline -0.003 -21"><span class='ocrx_word' id='word_1_75' title='bbox 25 1177 181 1258; x_wconf 82' lang='lat' dir='ltr'>insequenti</span> <span class='ocrx_word' id='word_1_76' title='bbox 200 1195 323 1256; x_wconf 85' lang='lat' dir='ltr'>tempore</span> <span class='ocrx_word' id='word_1_77' title='bbox 340 1175 527 1255; x_wconf 85' lang='lat' dir='ltr'>Ventisponte</span> <span class='ocrx_word' id='word_1_78' title='bbox 546 1177 630 1255; x_wconf 90' lang='lat' dir='ltr'>oppi-</span> 
     </span>
     <span class='ocr_line' id='line_1_14' title="bbox 23 1261 631 1345; baseline -0.008 -21"><span class='ocrx_word' id='word_1_79' title='bbox 23 1264 88 1324; x_wconf 86' lang='lat' dir='ltr'>dum</span> <span class='ocrx_word' id='word_1_80' title='bbox 100 1285 185 1343; x_wconf 89' lang='lat' dir='ltr'>quurn</span> <span class='ocrx_word' id='word_1_81' title='bbox 196 1284 357 1345; x_wconf 85' lang='lat' dir='ltr'>oppugnare</span> <span class='ocrx_word' id='word_1_82' title='bbox 371 1261 512 1343; x_wconf 79' lang='lat' dir='ltr'>coepisset,</span> <span class='ocrx_word' id='word_1_83' title='bbox 528 1261 631 1324; x_wconf 85' lang='lat' dir='ltr'>dediti·</span> 
     </span>
     <span class='ocr_line' id='line_1_15' title="bbox 23 1351 630 1428; baseline -0.003 -18"><span class='ocrx_word' id='word_1_84' title='bbox 23 1373 80 1410; x_wconf 84' lang='lat' dir='ltr'>one</span> <span class='ocrx_word' id='word_1_85' title='bbox 93 1351 174 1428; x_wconf 68' lang='lat' dir='ltr'>sacta,</span> <span class='ocrx_word' id='word_1_86' title='bbox 190 1353 241 1410; x_wconf 86' lang='lat' dir='ltr'>iter</span> <span class='ocrx_word' id='word_1_87' title='bbox 250 1351 315 1411; x_wconf 89' lang='lat' dir='ltr'>fecit</span> <span class='ocrx_word' id='word_1_88' title='bbox 327 1353 362 1409; x_wconf 91' lang='lat' dir='ltr'>in·</span> <span class='ocrx_word' id='word_1_89' title='bbox 374 1357 542 1423; x_wconf 62' lang='lat' dir='ltr'>Carrucam</span> <span class='ocrx_word' id='word_1_90' title='bbox 558 1369 630 1409; x_wconf 85' lang='lat' dir='ltr'>con-</span> 
     </span>
     <span class='ocr_line' id='line_1_16' title="bbox 13 1436 630 1519; baseline -0.005 -21"><span class='ocrx_word' id='word_1_91' title='bbox 13 1453 121 1518; x_wconf 78' lang='lat' dir='ltr'>traque</span> <span class='ocrx_word' id='word_1_92' title='bbox 142 1442 302 1519; x_wconf 86' lang='lat' dir='ltr'>Pompeium</span> <span class='ocrx_word' id='word_1_93' title='bbox 319 1436 404 1498; x_wconf 75' lang='lat' dir='ltr'>castra</span> <span class='ocrx_word' id='word_1_94' title='bbox 420 1436 521 1517; x_wconf 81' lang='lat' dir='ltr'><strong>posuit.</strong></span> <span class='ocrx_word' id='word_1_95' title='bbox 546 1443 630 1496; x_wconf 84' lang='lat' dir='ltr'>Pom-</span> 
     </span>
     <span class='ocr_line' id='line_1_17' title="bbox 24 1520 629 1606; baseline -0.005 -21"><span class='ocrx_word' id='word_1_96' title='bbox 24 1528 101 1606; x_wconf 80' lang='lat' dir='ltr'>peius</span> <span class='ocrx_word' id='word_1_97' title='bbox 118 1527 262 1606; x_wconf 86' lang='lat' dir='ltr'>oppidum,</span> <span class='ocrx_word' id='word_1_98' title='bbox 275 1526 350 1604; x_wconf 86' lang='lat' dir='ltr'>quod</span> <span class='ocrx_word' id='word_1_99' title='bbox 364 1541 462 1583; x_wconf 79' lang='lat' dir='ltr'>contra</span> <span class='ocrx_word' id='word_1_100' title='bbox 473 1521 520 1584; x_wconf 84' lang='lat' dir='ltr'>sua</span> <span class='ocrx_word' id='word_1_101' title='bbox 530 1520 629 1602; x_wconf 81' lang='lat' dir='ltr'>pracsi-</span> 
     </span>
     <span class='ocr_line' id='line_1_18' title="bbox 23 1608 627 1689; baseline -0.003 -19"><span class='ocrx_word' id='word_1_102' title='bbox 23 1611 67 1672; x_wconf 84' lang='lat' dir='ltr'>dia</span> <span class='ocrx_word' id='word_1_103' title='bbox 79 1610 321 1689; x_wconf 80' lang='lat' dir='ltr'>portatciausrsset,</span> <span class='ocrx_word' id='word_1_104' title='bbox 334 1611 472 1671; x_wconf 77' lang='lat' dir='ltr'>incendite</span> <span class='ocrx_word' id='word_1_105' title='bbox 487 1608 627 1688; x_wconf 84' lang='lat' dir='ltr'>milesque,</span> 
     </span>
     <span class='ocr_line' id='line_1_19' title="bbox 25 1694 628 1775; baseline -0.002 -19"><span class='ocrx_word' id='word_1_106' title='bbox 25 1698 73 1775; x_wconf 88' lang='lat' dir='ltr'>qui</span> <span class='ocrx_word' id='word_1_107' title='bbox 85 1695 195 1756; x_wconf 84' lang='lat' dir='ltr'>fratrem</span> <span class='ocrx_word' id='word_1_108' title='bbox 213 1696 289 1756; x_wconf 85' lang='lat' dir='ltr'>suurn</span> <span class='ocrx_word' id='word_1_109' title='bbox 310 1700 339 1756; x_wconf 87' lang='lat' dir='ltr'>iu</span> <span class='ocrx_word' id='word_1_110' title='bbox 360 1696 451 1756; x_wconf 80' lang='lat' dir='ltr'>castris</span> <span class='ocrx_word' id='word_1_111' title='bbox 470 1694 628 1774; x_wconf 82' lang='lat' dir='ltr'>jugulasset,</span> 
     </span>
     <span class='ocr_line' id='line_1_20' title="bbox 24 1781 628 1862; baseline 0.002 -22"><span class='ocrx_word' id='word_1_112' title='bbox 24 1785 193 1862; x_wconf 83' lang='lat' dir='ltr'>interceptus</span> <span class='ocrx_word' id='word_1_113' title='bbox 205 1782 242 1842; x_wconf 90' lang='lat' dir='ltr'>est</span> <span class='ocrx_word' id='word_1_114' title='bbox 261 1783 396 1858; x_wconf 83' lang='lat' dir='ltr'>anostris,</span> <span class='ocrx_word' id='word_1_115' title='bbox 407 1798 435 1840; x_wconf 84' lang='lat' dir='ltr'>et</span> <span class='ocrx_word' id='word_1_116' title='bbox 445 1782 507 1842; x_wconf 82' lang='lat' dir='ltr'>sosii</span> <span class='ocrx_word' id='word_1_117' title='bbox 519 1781 628 1860; x_wconf 84' lang='lat' dir='ltr'>percus·</span> 
     </span>
     <span class='ocr_line' id='line_1_21' title="bbox 24 1867 628 1948; baseline -0.002 -20"><span class='ocrx_word' id='word_1_118' title='bbox 24 1867 79 1928; x_wconf 77' lang='lat' dir='ltr'>fiis.</span> <span class='ocrx_word' id='word_1_119' title='bbox 92 1870 157 1926; x_wconf 88' lang='lat' dir='ltr'>hinc</span> <span class='ocrx_word' id='word_1_120' title='bbox 167 1871 265 1928; x_wconf 90' lang='lat' dir='ltr'>itinere</span> <span class='ocrx_word' id='word_1_121' title='bbox 274 1869 357 1943; x_wconf 73' lang='lat' dir='ltr'>fatto,</span> <span class='ocrx_word' id='word_1_122' title='bbox 367 1873 396 1928; x_wconf 88' lang='lat' dir='ltr'>in</span> <span class='ocrx_word' id='word_1_123' title='bbox 405 1891 532 1948; x_wconf 84' lang='lat' dir='ltr'>campum</span> <span class='ocrx_word' id='word_1_124' title='bbox 542 1876 628 1928; x_wconf 90' lang='lat' dir='ltr'>Mun·</span> 
     </span>
     <span class='ocr_line' id='line_1_22' title="bbox 23 1952 667 2034; baseline 0.002 -20"><span class='ocrx_word' id='word_1_125' title='bbox 23 1952 132 2016; x_wconf 83' lang='lat' dir='ltr'>densent</span> <span class='ocrx_word' id='word_1_126' title='bbox 149 1976 234 2034; x_wconf 90' lang='lat' dir='ltr'>quum</span> <span class='ocrx_word' id='word_1_127' title='bbox 247 1954 310 2016; x_wconf 84' lang='lat' dir='ltr'>esset</span> <span class='ocrx_word' id='word_1_128' title='bbox 324 1975 450 2029; x_wconf 87' lang='lat' dir='ltr'>ventum,</span> <span class='ocrx_word' id='word_1_129' title='bbox 463 1955 548 2014; x_wconf 86' lang='lat' dir='ltr'>castra</span> <span class='ocrx_word' id='word_1_130' title='bbox 559 1976 628 2015; x_wconf 89' lang='lat' dir='ltr'>con·</span> <span class='ocrx_word' id='word_1_131' title='bbox 663 1953 667 1969; x_wconf 87' lang='lat'>&#39;</span> 
     </span>
     <span class='ocr_line' id='line_1_23' title="bbox 24 2041 667 2121; baseline 0 -21"><span class='ocrx_word' id='word_1_132' title='bbox 24 2042 399 2120; x_wconf 81' lang='lat' dir='ltr'>truPonrpciumconstituit.</span> <span class='ocrx_word' id='word_1_133' title='bbox 444 2041 628 2121; x_wconf 84' lang='lat' dir='ltr'>Sequentidie</span> <span class='ocrx_word' id='word_1_134' title='bbox 643 2048 667 2100; x_wconf 66' lang='grc' dir='ltr'>ιθ</span> 
     </span>
     <span class='ocr_line' id='line_1_24' title="bbox 23 2128 627 2208; baseline 0.002 -22"><span class='ocrx_word' id='word_1_135' title='bbox 23 2149 109 2207; x_wconf 85' lang='lat' dir='ltr'>quum</span> <span class='ocrx_word' id='word_1_136' title='bbox 125 2131 177 2187; x_wconf 83' lang='lat' dir='ltr'>iter</span> <span class='ocrx_word' id='word_1_137' title='bbox 190 2128 278 2190; x_wconf 78' lang='lat' dir='ltr'>facere</span> <span class='ocrx_word' id='word_1_138' title='bbox 288 2130 386 2190; x_wconf 80' lang='lat' dir='ltr'>Caesar</span> <span class='ocrx_word' id='word_1_139' title='bbox 397 2150 459 2187; x_wconf 84' lang='lat' dir='ltr'>curn</span> <span class='ocrx_word' id='word_1_140' title='bbox 472 2129 561 2208; x_wconf 80' lang='lat' dir='ltr'>copiis</span> <span class='ocrx_word' id='word_1_141' title='bbox 569 2128 627 2187; x_wconf 86' lang='lat' dir='ltr'>vel·</span> 
     </span>
     <span class='ocr_line' id='line_1_25' title="bbox 23 2213 630 2294; baseline 0.003 -22"><span class='ocrx_word' id='word_1_142' title='bbox 23 2215 72 2286; x_wconf 79' lang='lat' dir='ltr'>let,</span> <span class='ocrx_word' id='word_1_143' title='bbox 93 2218 284 2274; x_wconf 83' lang='lat' dir='ltr'>renunciatum</span> <span class='ocrx_word' id='word_1_144' title='bbox 297 2215 334 2275; x_wconf 88' lang='lat' dir='ltr'>est</span> <span class='ocrx_word' id='word_1_145' title='bbox 349 2219 383 2274; x_wconf 84' lang='lat' dir='ltr'>ab</span> <span class='ocrx_word' id='word_1_146' title='bbox 403 2213 630 2294; x_wconf 74' lang='lat' dir='ltr'>speculatoribus,</span> 
     </span>
     <span class='ocr_line' id='line_1_26' title="bbox 23 2299 630 2378; baseline 0.008 -21"><span class='ocrx_word' id='word_1_147' title='bbox 23 2302 184 2378; x_wconf 76' lang='lat' dir='ltr'>Pompeium</span> <span class='ocrx_word' id='word_1_148' title='bbox 197 2300 230 2358; x_wconf 92' lang='lat' dir='ltr'>de</span> <span class='ocrx_word' id='word_1_149' title='bbox 243 2322 254 2361; x_wconf 87' lang='lat' dir='ltr'>t</span> <span class='ocrx_word' id='word_1_150' title='bbox 268 2323 298 2364; x_wconf 87' lang='lat'>11</span> <span class='ocrx_word' id='word_1_151' title='bbox 316 2302 410 2378; x_wconf 73' lang='lat' dir='ltr'>vigilia</span> <span class='ocrx_word' id='word_1_152' title='bbox 419 2307 447 2362; x_wconf 86' lang='lat' dir='ltr'>in</span> <span class='ocrx_word' id='word_1_153' title='bbox 458 2299 630 2362; x_wconf 78' lang='lat' dir='ltr'>aciesietisse.</span> 
     </span>
     <span class='ocr_line' id='line_1_27' title="bbox 22 2385 630 2466; baseline 0.008 -24"><span class='ocrx_word' id='word_1_154' title='bbox 22 2388 76 2443; x_wconf 90' lang='lat' dir='ltr'>hoc</span> <span class='ocrx_word' id='word_1_155' title='bbox 94 2387 198 2442; x_wconf 89' lang='lat' dir='ltr'>nuncio</span> <span class='ocrx_word' id='word_1_156' title='bbox 219 2386 314 2459; x_wconf 82' lang='lat' dir='ltr'>allato,</span> <span class='ocrx_word' id='word_1_157' title='bbox 327 2388 460 2446; x_wconf 86' lang='lat' dir='ltr'>vexillum</span> <span class='ocrx_word' id='word_1_158' title='bbox 475 2385 630 2466; x_wconf 84' lang='lat' dir='ltr'>proposuit.</span> 
     </span>
     <span class='ocr_line' id='line_1_28' title="bbox 22 2471 632 2554; baseline 0.008 -27"><span class='ocrx_word' id='word_1_159' title='bbox 22 2472 123 2532; x_wconf 88' lang='lat' dir='ltr'>iccirco</span> <span class='ocrx_word' id='word_1_160' title='bbox 133 2471 207 2530; x_wconf 83' lang='lat' dir='ltr'>enirn</span> <span class='ocrx_word' id='word_1_161' title='bbox 215 2473 309 2554; x_wconf 81' lang='lat' dir='ltr'>copias</span> <span class='ocrx_word' id='word_1_162' title='bbox 320 2472 541 2553; x_wconf 81' lang='lat' dir='ltr'>eduxerat,quod</span> <span class='ocrx_word' id='word_1_163' title='bbox 551 2471 632 2534; x_wconf 80' lang='lat' dir='ltr'>Ursa·</span> 
     </span>
    </p>
   </div>
   <div class='ocr_carea' id='block_1_2' title="bbox 0 0 746 2967">
    <p class='ocr_par' dir='ltr' id='par_1_2' title="bbox 0 0 746 2967">
     <span class='ocr_line' id='line_1_29' title="bbox 0 0 746 2967; baseline 0 0"><span class='ocrx_word' id='word_1_164' title='bbox 0 0 746 2967; x_wconf 95' lang='lat' dir='ltr'> </span> 
     </span>
    </p>
   </div>
  </div>
 </body>
</html>
