1484 2967
23 143 81 204 μο
187 125 453 182 DEBELLO

24 241 66 284 tes
78 238 252 284 converterat
262 225 294 282 ab
303 241 387 300 opere
399 221 433 282 ad
441 219 629 301 spetitndum

23 313 95 372 acies
104 310 167 370 sunt
179 308 335 390 dispositae:
349 330 414 368 nam
425 311 500 367 inter
508 307 623 368 bellato-

21 419 64 457 res
81 399 219 478 principes
235 397 316 458 dubia
331 411 391 456 etat
405 394 626 476 pofitavittoria,

22 500 53 544 ut
70 505 155 564 prope
168 485 306 544 videretur
322 482 404 544 finem
419 481 539 542 bellandi
555 480 627 542 duo·

22 593 84 631 rum
92 569 218 631 dirimere
230 589 332 650 pugna·
349 569 629 650 itaavidicupidique
676 596 678 605 ·

21 658 129 718 suarum
138 655 251 738 quisque
260 658 394 738 partium,
406 655 483 729 [m
494 669 627 736 experto·

20 766 82 804 rum
91 748 215 806 virorum
225 743 422 822 fautorumque
432 742 563 802 voluntas
576 746 627 803 ha·

21 834 148 892 bebatur.
174 852 293 911 quotum
313 832 418 890 virtute
436 830 521 890 alacri
538 849 627 909 quum

21 919 56 979 ad
66 918 253 979 dimicandum
266 920 294 978 in
305 918 447 999 planitiem
454 916 482 976 se
490 914 627 977 eontulis-

21 1004 92 1080 sent,
109 1003 304 1085 scutorumque
315 1005 405 1065 laudis
421 1002 534 1082 inignit
546 1024 627 1084 prae·-

19 1092 129 1169 fulgens
140 1112 211 1172 opus
220 1093 629 1171 caelatum;quorum***pug-

21 1199 58 1237 na
74 1177 138 1237 effet
151 1182 239 1257 prop&
255 1177 382 1258 profesti
393 1179 541 1256 dirempta,
561 1175 626 1252 niti,

20 1262 627 1345 propterequitumconceisummtsupradeb

20 1350 245 1425 monstravimus,
263 1350 333 1412 levis
348 1368 486 1412 armatura
501 1348 630 1430 praesidii
677 1426 680 1435 .

21 1437 109 1499 cauffa
134 1460 193 1499 non
214 1439 297 1516 longe
316 1444 350 1499 ab
371 1459 455 1519 opere
473 1435 626 1498 castrorum
675 1468 679 1527 3

19 1525 195 1602 constitisset]
210 1543 240 1585 ut
254 1525 362 1586 nostros
373 1528 480 1604 equites
493 1526 522 1584 itt
532 1544 626 1604 recep·

19 1629 61 1686 tu,
74 1613 140 1672 dum
150 1613 183 1672 ad
192 1611 276 1672 castra
286 1613 412 1686 redeunt,
422 1609 568 1672 adversarii
576 1631 626 1670 ett-

18 1699 109 1776 pidius
125 1696 189 1756 sunt
203 1695 338 1771 insecuti;
357 1697 487 1771 univerfi,
503 1698 627 1758 clamore

17 1785 101 1856 fatto,
114 1785 246 1863 impetum
259 1785 405 1844 dederunt.
429 1787 468 1843 ita
477 1801 550 1843 metu
564 1803 625 1862 per·

18 1872 119 1943 territi,
129 1891 214 1949 quum
224 1873 253 1928 in
264 1871 327 1948 fuga
335 1871 419 1930 essent
422 1914 431 1946 ,
441 1871 535 1930 multis
544 1867 625 1929 antis·

18 1955 63 2032 fis,
81 1960 109 2017 in
127 1957 211 2017 castra
226 1955 251 2016 se
269 1960 416 2037 recipiunt.
463 1956 572 2031 Caesar,
585 1957 623 2016 ob
639 1983 665 2026 25

17 2047 162 2120 virtutem,
174 2062 279 2104 turmae
291 2044 429 2103 Caffianae
436 2044 553 2103 donavit
561 2043 624 2103 mil·

16 2132 53 2190 lia
68 2152 108 2193 xt
119 2153 129 2194 t
140 2152 168 2205 t,
189 2146 218 2190 et
237 2129 375 2212 praefecito
396 2148 509 2210 torques
523 2150 623 2189 aureos

22 2237 71 2290 11,
88 2233 115 2276 et
132 2218 185 2276 levi
198 2223 351 2276 armatura'e
365 2218 493 2276 milliax.
517 2216 625 2276 hocdie

19 2310 55 2360 A.
71 2305 199 2375 Baebius,
220 2309 289 2361 etC.
304 2302 427 2375 Flavius,
447 2319 475 2363 et
495 2311 530 2364 A.
549 2310 623 2362 Tre·

17 2387 112 2446 beiliut
121 2390 228 2466 equites
238 2391 355 2446 Romani
367 2387 625 2466 Astenses,atgento

17 2492 106 2550 prope
116 2474 179 2532 testi
188 2493 287 2554 equos,
305 2472 339 2534 ad
349 2471 491 2535 Caesarem
501 2474 634 2535 musfa·-
