1484 2967
21 145 120 230 3436
231 147 500 203 nnssrnno
565 122 586 130 ”
657 123 671 130 ”

54 242 157 320 repulsi
168 221 312 304 adversarii
323 249 394 302 bene
402 220 497 302 rnultis
502 219 658 302 vulneribns

54 329 559 411 affefflinoppidumseeontulerunt.
594 329 653 388 Pos·
670 354 694 387 12

49 433 119 478 :tero
128 419 172 478 die
181 421 326 496 Pompeius
338 439 374 476 ex
381 417 473 475 castns
485 417 539 476 suis
549 419 651 476 brachi·

50 526 106 564 nm
122 507 214 585 coepit
231 505 263 563 ad
278 507 378 564 flumen
392 503 495 563 Salsum
512 505 615 563 facere.
608 495 657 564 ὀἱ

54 611 144 670 quum
161 591 245 652 nostri
269 593 375 668 equites
395 595 475 670 pauci
494 593 524 649 in
545 590 656 651 statione

54 677 167 737 ⁴fuiss'ent
183 700 198 736 n
213 679 337 758 pluribus
358 681 471 756 reperti,
491 677 526 736 de
545 676 657 744 statione

46 762 122 826 *sunt
131 766 236 842 dejesti,
246 781 273 824 et
282 763 361 824 occifi
370 780 437 823 tres.
451 786 484 823 eo
493 765 536 824 die
545 772 580 823 A.
590 768 657 824 var-

12 870 16 876 ·
51 897 53 901 -
59 854 133 929 gius,
145 850 277 912 senatoris
287 851 370 925 filius,
382 852 462 928 cujus
473 850 556 910 frater
564 853 592 909 in
601 852 657 912 cas·

51 941 110 997 ⁴tris
123 941 245 1018 Pompeii
254 937 342 998 fuisset
353 961 361 1010 ;
372 940 503 997 omnibus
512 937 566 997 suis
578 941 658 1015 rebus

55 1026 170 1098 reliffls,
185 1023 455 1102 equumconscendit
466 1041 493 1082 et
501 1025 583 1102 fugit.
599 1024 659 1104 spe·

51 1111 166 1170 eulator
181 1111 214 1170 de
228 1111 338 1188 legione
356 1111 473 1170 secunda
494 1114 660 1214 Pompeiana

50 1213 155 1276 eaptus
168 1218 182 1255 a
195 1198 340 1271 militibus,
356 1213 383 1256 et
397 1197 555 1257 interfectus
568 1196 642 1257 ests
635 1221 660 1257 r·

52 1283 119 1344 dem
134 1286 265 1362 temporis
278 1284 358 1362 glans
375 1283 450 1342 miffa
462 1283 498 1342 est
509 1283 655 1364 inscripta,

56 1372 139 1450 ‘quo
155 1371 198 1432 die
214 1371 247 1430 ad
257 1371 390 1450 oppidum
405 1370 570 1449 capiendum
582 1391 659 1431 acce·

58 1458 196 1534 ‘derent,
222 1457 274 1518 sese
291 1457 395 1516 scutum
415 1456 465 1516 effe
486 1453 662 1535 politorum?

52 1566 112 1624 qua
125 1544 168 1622 spe
178 1544 317 1619 nonnulli,
329 1543 395 1602 dum
405 1542 457 1602 fine
466 1543 589 1623 periculo
597 1564 662 1602 mu·

52 1653 118 1690 sum
129 1629 290 1688 adscendere
302 1645 329 1688 et
342 1630 476 1708 oppidum
489 1633 573 1710 potiri
585 1628 665 1709 poss'e

53 1715 83 1776 se
92 1717 241 1798 sperarent,
253 1715 360 1794 postero
372 1717 416 1774 die
425 1717 458 1774 ad
472 1736 579 1775 murum
587 1737 665 1794 opus

51 1803 143 1866 faeere
155 1819 317 1882 coeperunt,
336 1818 364 1861 et
380 1805 449 1861 bene
464 1825 563 1880 magna
583 1805 667 1882 prio—

52 1895 95 1950 ris
108 1896 178 1952 muri
191 1890 364 1970 parsdejeela
380 1889 427 1950 est.
448 1911 509 1968 quo
521 1890 605 1962 faero,
627 1891 670 1950 ab

50 1980 216 2060 ,oppidanis,
228 1976 288 2044 aclsr
305 1975 411 2034 suarum
426 1979 546 2056 partium
563 1974 670 2050 essent,

52 2062 341 2137 conservati,‘miffos
351 2063 439 2122 facere
447 2063 590 2136 loricatos,
599 2065 671 2140 qui.-

57 2153 66 2185 ‘
80 2175 133 2232 que
145 2149 267 2231 praefidii
279 2147 366 2210 cauffa
386 2148 532 2230 praeposrti
551 2149 670 2228 oppido

56 2240 96 2300 ‘a
113 2240 244 2316 Pompeio
263 2237 348 2296 effent
358 2239 384 2308 ,'
404 2239 532 2297 orabant.
556 2237 675 2314 quibun¹

50 2323 198 2404 respondit
211 2321 320 2396 Caesar,
331 2323 340 2353 ‘
354 2321 380 2380 se
391 2324 570 2382 conditiones
581 2322 670 2396 dare,

58 2413 67 2441 ‘
81 2432 140 2470 non
157 2409 290 2485 accipere,
302 2407 489 2468 consueviffe.’
511 2411 560 2488 qui
572 2427 673 2488 quum

52 2498 86 2555 in
99 2493 231 2576 oppidum
245 2493 432 2573 revertiffent,
443 2494 530 2556 relato
545 2494 673 2576 respon·
